[
  {
    "name": "Beef Cutlet With Pepper Gravy Mash & Veg",
    "url": "https://www.coles.com.au/product/on-the-menu-beef-cutlet-with-pepper-gravy-mash-&-veg-480g-4506169",
    "img": "https://productimages.coles.com.au/productimages/4/4506169.jpg",
    "price": 8,
    "quantity": 0.48,
    "unitPrice": 16.7
  },
  {
    "name": "One Pan Spanish Style Veg Paella Rice Meal",
    "url": "https://www.coles.com.au/product/heinz-one-pan-spanish-style-veg-paella-rice-meal-600g-5642480",
    "img": "https://productimages.coles.com.au/productimages/5/5642480.jpg",
    "price": 10,
    "quantity": 0.6,
    "unitPrice": 16.7
  },
  {
    "name": "One Pan Italian Risotto Frozen Rice Meal",
    "url": "https://www.coles.com.au/product/heinz-one-pan-italian-risotto-frozen-rice-meal-600g-5642537",
    "img": "https://productimages.coles.com.au/productimages/5/5642537.jpg",
    "price": 10,
    "quantity": 0.6,
    "unitPrice": 16.7
  },
  {
    "name": "Frozen Healthy Choice Tomato & Bacon Penne",
    "url": "https://www.coles.com.au/product/mccain-frozen-healthy-choice-tomato-&-bacon-penne-300g-3237844",
    "img": "https://productimages.coles.com.au/productimages/3/3237844.jpg",
    "price": 5,
    "quantity": 0.3,
    "unitPrice": 16.7
  },
  {
    "name": "Frozen Healthy Choice Creamy Chicken Carbonara",
    "url": "https://www.coles.com.au/product/mccain-frozen-healthy-choice-creamy-chicken-carbonara-300g-8057078",
    "img": "https://productimages.coles.com.au/productimages/8/8057078.jpg",
    "price": 5,
    "quantity": 0.3,
    "unitPrice": 16.7
  },
  {
    "name": "Mozzarella Bites & Sauce 10 Pack",
    "url": "https://www.coles.com.au/product/coles-mozzarella-bites-&-sauce-10-pack-330g-2481930",
    "img": "https://productimages.coles.com.au/productimages/2/2481930.jpg",
    "price": 5.5,
    "quantity": 0.33,
    "unitPrice": 16.7
  },
  {
    "name": "Napoletana Sauce",
    "url": "https://www.coles.com.au/product/pasta-italia-napoletana-sauce-450g-7034044",
    "img": "https://productimages.coles.com.au/productimages/7/7034044.jpg",
    "price": 7.5,
    "quantity": 0.45,
    "unitPrice": 16.7
  },
  {
    "name": "Boscaiola Sauce",
    "url": "https://www.coles.com.au/product/pasta-italia-boscaiola-sauce-450g-7034077",
    "img": "https://productimages.coles.com.au/productimages/7/7034077.jpg",
    "price": 7.5,
    "quantity": 0.45,
    "unitPrice": 16.7
  },
  {
    "name": "Chicken Parma With Cheesy Chips & Veg",
    "url": "https://www.coles.com.au/product/on-the-menu-chicken-parma-with-cheesy-chips-&-veg-480g-4506114",
    "img": "https://productimages.coles.com.au/productimages/4/4506114.jpg",
    "price": 8,
    "quantity": 0.48,
    "unitPrice": 16.7
  },
  {
    "name": "Beef Cutlet With Pepper Gravy Mash & Veg",
    "url": "https://www.coles.com.au/product/on-the-menu-beef-cutlet-with-pepper-gravy-mash-&-veg-480g-4506169",
    "img": "https://productimages.coles.com.au/productimages/4/4506169.jpg",
    "price": 8,
    "quantity": 0.48,
    "unitPrice": 16.7
  },
  {
    "name": "One Pan Spanish Style Veg Paella Rice Meal",
    "url": "https://www.coles.com.au/product/heinz-one-pan-spanish-style-veg-paella-rice-meal-600g-5642480",
    "img": "https://productimages.coles.com.au/productimages/5/5642480.jpg",
    "price": 10,
    "quantity": 0.6,
    "unitPrice": 16.7
  },
  {
    "name": "One Pan Italian Risotto Frozen Rice Meal",
    "url": "https://www.coles.com.au/product/heinz-one-pan-italian-risotto-frozen-rice-meal-600g-5642537",
    "img": "https://productimages.coles.com.au/productimages/5/5642537.jpg",
    "price": 10,
    "quantity": 0.6,
    "unitPrice": 16.7
  },
  {
    "name": "Leggo's Fresh Napoli Sauce",
    "url": "https://www.woolworths.com.au/shop/productdetails/618571",
    "img": "https://cdn0.woolworths.media/content/wowproductimages/medium/618571.jpg",
    "price": 7.5,
    "quantity": 0.45,
    "unitPrice": 16.7
  },
  {
    "name": "Leggo's Fresh Carbonara Sauce",
    "url": "https://www.woolworths.com.au/shop/productdetails/662572",
    "img": "https://cdn0.woolworths.media/content/wowproductimages/medium/662572.jpg",
    "price": 7.5,
    "quantity": 0.45,
    "unitPrice": 16.7
  },
  {
    "name": "Woolworths Orange & Poppy Seed Cake",
    "url": "https://www.woolworths.com.au/shop/productdetails/510737",
    "img": "https://cdn0.woolworths.media/content/wowproductimages/medium/510737.jpg",
    "price": 5,
    "quantity": 0.3,
    "unitPrice": 16.7
  },
  {
    "name": "Woolworths Apple Lattice Pie",
    "url": "https://www.woolworths.com.au/shop/productdetails/250630",
    "img": "https://cdn0.woolworths.media/content/wowproductimages/medium/250630.jpg",
    "price": 12.5,
    "quantity": 0.75,
    "unitPrice": 16.7
  },
  {
    "name": "Nestle Milo Energy Dairy Snack Snack Pouch",
    "url": "https://www.woolworths.com.au/shop/productdetails/623659",
    "img": "https://cdn0.woolworths.media/content/wowproductimages/medium/623659.jpg",
    "price": 2.5,
    "quantity": 0.15,
    "unitPrice": 16.7
  },
  {
    "name": "Chobani Oat Yogurt Strawberry Dairy Free",
    "url": "https://www.woolworths.com.au/shop/productdetails/229912",
    "img": "https://cdn0.woolworths.media/content/wowproductimages/medium/229912.jpg",
    "price": 2.5,
    "quantity": 0.15,
    "unitPrice": 16.7
  },
  {
    "name": "Chobani Oat Yogurt Blueberry Dairy Free",
    "url": "https://www.woolworths.com.au/shop/productdetails/229818",
    "img": "https://cdn0.woolworths.media/content/wowproductimages/medium/229818.jpg",
    "price": 2.5,
    "quantity": 0.15,
    "unitPrice": 16.7
  },
  {
    "name": "Chobani Oat Yogurt Mango Dairy Free",
    "url": "https://www.woolworths.com.au/shop/productdetails/229708",
    "img": "https://cdn0.woolworths.media/content/wowproductimages/medium/229708.jpg",
    "price": 2.5,
    "quantity": 0.15,
    "unitPrice": 16.7
  },
  {
    "name": "Nestle Milo Energy Dairy Snack Snack Pouch",
    "url": "https://www.woolworths.com.au/shop/productdetails/623659",
    "img": "https://cdn0.woolworths.media/content/wowproductimages/medium/623659.jpg",
    "price": 2.5,
    "quantity": 0.15,
    "unitPrice": 16.7
  },
  {
    "name": "Siggi's Yoghurt Pouch Vanilla Vanilla",
    "url": "https://www.woolworths.com.au/shop/productdetails/62883",
    "img": "https://cdn0.woolworths.media/content/wowproductimages/medium/062883.jpg",
    "price": 2.5,
    "quantity": 0.15,
    "unitPrice": 16.7
  },
  {
    "name": "Siggi's Yoghurt Pouch Raspberry Raspberry",
    "url": "https://www.woolworths.com.au/shop/productdetails/62864",
    "img": "https://cdn0.woolworths.media/content/wowproductimages/medium/062864.jpg",
    "price": 2.5,
    "quantity": 0.15,
    "unitPrice": 16.7
  },
  {
    "name": "Siggi's Yoghurt Strawberry",
    "url": "https://www.woolworths.com.au/shop/productdetails/85308",
    "img": "https://cdn0.woolworths.media/content/wowproductimages/medium/085308.jpg",
    "price": 2.5,
    "quantity": 0.15,
    "unitPrice": 16.7
  },
  {
    "name": "Continental Classics Rice Chicken",
    "url": "https://www.woolworths.com.au/shop/productdetails/141917",
    "img": "https://cdn0.woolworths.media/content/wowproductimages/medium/141917.jpg",
    "price": 2,
    "quantity": 0.12,
    "unitPrice": 16.7
  },
  {
    "name": "Ben's Original Protein+ Lentils, Tumeric & Brown Rice",
    "url": "https://www.woolworths.com.au/shop/productdetails/199836",
    "img": "https://cdn0.woolworths.media/content/wowproductimages/medium/199836.jpg",
    "price": 3,
    "quantity": 0.18,
    "unitPrice": 16.7
  },
  {
    "name": "Vogel's Low Carb Granola Apple Crumble & Cinnamon",
    "url": "https://www.woolworths.com.au/shop/productdetails/225942",
    "img": "https://cdn0.woolworths.media/content/wowproductimages/medium/225942.jpg",
    "price": 6,
    "quantity": 0.36,
    "unitPrice": 16.7
  },
  {
    "name": "Vogel's Low Carb Granola Raspberry, Blueberry & Almond",
    "url": "https://www.woolworths.com.au/shop/productdetails/225360",
    "img": "https://cdn0.woolworths.media/content/wowproductimages/medium/225360.jpg",
    "price": 6,
    "quantity": 0.36,
    "unitPrice": 16.7
  },
  {
    "name": "Kellogg's Sultana Bran High Fibre Breakfast Cereal",
    "url": "https://www.woolworths.com.au/shop/productdetails/701732",
    "img": "https://cdn0.woolworths.media/content/wowproductimages/medium/701732.jpg",
    "price": 7,
    "quantity": 0.42,
    "unitPrice": 16.7
  },
  {
    "name": "Carman's Low Sugar Granola Raspberry & Coconut",
    "url": "https://www.woolworths.com.au/shop/productdetails/143191",
    "img": "https://cdn0.woolworths.media/content/wowproductimages/medium/143191.jpg",
    "price": 7.5,
    "quantity": 0.45,
    "unitPrice": 16.7
  },
  {
    "name": "Carman's 5 Grain & Seed Granola Almond Vanilla & Cinnamon",
    "url": "https://www.woolworths.com.au/shop/productdetails/867025",
    "img": "https://cdn0.woolworths.media/content/wowproductimages/medium/867025.jpg",
    "price": 7.5,
    "quantity": 0.45,
    "unitPrice": 16.7
  },
  {
    "name": "Carman's Protein Rich Almond & Hazelnut Granola",
    "url": "https://www.woolworths.com.au/shop/productdetails/208900",
    "img": "https://cdn0.woolworths.media/content/wowproductimages/medium/208900.jpg",
    "price": 7.5,
    "quantity": 0.45,
    "unitPrice": 16.7
  },
  {
    "name": "Carman's 5 Grain & Seed Granola Pink Lady Apple & Blueberry",
    "url": "https://www.woolworths.com.au/shop/productdetails/867026",
    "img": "https://cdn0.woolworths.media/content/wowproductimages/medium/867026.jpg",
    "price": 7.5,
    "quantity": 0.45,
    "unitPrice": 16.7
  },
  {
    "name": "Uncle Tobys Cheerios Low Sugar Vanilla Cereal",
    "url": "https://www.woolworths.com.au/shop/productdetails/387324",
    "img": "https://cdn0.woolworths.media/content/wowproductimages/medium/387324.jpg",
    "price": 7.5,
    "quantity": 0.45,
    "unitPrice": 16.7
  },
  {
    "name": "Kellogg's Sultana Bran Buds Fibre Breakfast Cereal",
    "url": "https://www.woolworths.com.au/shop/productdetails/766541",
    "img": "https://cdn0.woolworths.media/content/wowproductimages/medium/766541.jpg",
    "price": 7.5,
    "quantity": 0.45,
    "unitPrice": 16.7
  },
  {
    "name": "Kellogg's Special K Lower Sugar Breakfast Cereal",
    "url": "https://www.woolworths.com.au/shop/productdetails/103001",
    "img": "https://cdn0.woolworths.media/content/wowproductimages/medium/103001.jpg",
    "price": 7,
    "quantity": 0.42,
    "unitPrice": 16.7
  },
  {
    "name": "Kan Tong Satay Chicken Meal Base Pouch",
    "url": "https://www.woolworths.com.au/shop/productdetails/658460",
    "img": "https://cdn0.woolworths.media/content/wowproductimages/medium/658460.jpg",
    "price": 3,
    "quantity": 0.18,
    "unitPrice": 16.7
  },
  {
    "name": "Ayam Light Soy Sauce",
    "url": "https://www.woolworths.com.au/shop/productdetails/627500",
    "img": "https://cdn0.woolworths.media/content/wowproductimages/medium/627500.jpg",
    "price": 3.5,
    "quantity": 0.21,
    "unitPrice": 16.7
  },
  {
    "name": "Ayam Dark Soy",
    "url": "https://www.woolworths.com.au/shop/productdetails/683101",
    "img": "https://cdn0.woolworths.media/content/wowproductimages/medium/683101.jpg",
    "price": 3.5,
    "quantity": 0.21,
    "unitPrice": 16.7
  },
  {
    "name": "Ayam Kecap Manis Sweet Soy Sauce",
    "url": "https://www.woolworths.com.au/shop/productdetails/683102",
    "img": "https://cdn0.woolworths.media/content/wowproductimages/medium/683102.jpg",
    "price": 3.5,
    "quantity": 0.21,
    "unitPrice": 16.7
  },
  {
    "name": "Raw Earth White Stevia",
    "url": "https://www.woolworths.com.au/shop/productdetails/278856",
    "img": "https://cdn0.woolworths.media/content/wowproductimages/medium/278856.jpg",
    "price": 5,
    "quantity": 0.3,
    "unitPrice": 16.7
  },
  {
    "name": "Shredded Coconut Pouches",
    "url": "https://www.coles.com.au/product/mckenzie's-shredded-coconut-pouches-215g-5228833",
    "img": "https://productimages.coles.com.au/productimages/5/5228833.jpg",
    "price": 3.6,
    "quantity": 0.215,
    "unitPrice": 16.74
  },
  {
    "name": "Mckenzie's Coconut Shredded Loose",
    "url": "https://www.woolworths.com.au/shop/productdetails/782242",
    "img": "https://cdn0.woolworths.media/content/wowproductimages/medium/782242.jpg",
    "price": 3.6,
    "quantity": 0.215,
    "unitPrice": 16.74
  },
  {
    "name": "Macro Australian Currants",
    "url": "https://www.woolworths.com.au/shop/productdetails/89759",
    "img": "https://cdn0.woolworths.media/content/wowproductimages/medium/089759.jpg",
    "price": 6.7,
    "quantity": 0.4,
    "unitPrice": 16.75
  },
  {
    "name": "Plain Pappadams",
    "url": "https://www.coles.com.au/product/maharajah's-choice-plain-pappadams-200g-62926",
    "img": "https://productimages.coles.com.au/productimages/6/62926.jpg",
    "price": 3.35,
    "quantity": 0.2,
    "unitPrice": 16.8
  },
  {
    "name": "Passage To India Sri Lanka Chicken Curry Simmer Sauce",
    "url": "https://www.coles.com.au/product/passage-foods-passage-to-india-sri-lanka-chicken-curry-simmer-sauce-375g-1329170",
    "img": "https://productimages.coles.com.au/productimages/1/1329170.jpg",
    "price": 6.3,
    "quantity": 0.375,
    "unitPrice": 16.8
  },
  {
    "name": "Passage to India Sri Lankan Coconut & Cashew Chicken Simmer Sauce Pouch",
    "url": "https://www.coles.com.au/product/passage-foods-passage-to-india-sri-lankan-coconut-&-cashew-chicken-simmer-sauce-pouch-375g-1329180",
    "img": "https://productimages.coles.com.au/productimages/1/1329180.jpg",
    "price": 6.3,
    "quantity": 0.375,
    "unitPrice": 16.8
  },
  {
    "name": "Passage To India Butter Chicken Simmer Sauce Pouch Extra Mild",
    "url": "https://www.coles.com.au/product/passage-foods-passage-to-india-butter-chicken-simmer-sauce-pouch-extra-mild-375g-2360991",
    "img": "https://productimages.coles.com.au/productimages/2/2360991.jpg",
    "price": 6.3,
    "quantity": 0.375,
    "unitPrice": 16.8
  },
  {
    "name": "Passage To India Balinese Curry Simmer Sauce ",
    "url": "https://www.coles.com.au/product/passage-foods-passage-to-india-balinese-curry-simmer-sauce--375g-3997258",
    "img": "https://productimages.coles.com.au/productimages/3/3997258.jpg",
    "price": 6.3,
    "quantity": 0.375,
    "unitPrice": 16.8
  },
  {
    "name": "Passage To India Tikka Masala Simmer Sauce Pouch",
    "url": "https://www.coles.com.au/product/passage-foods-passage-to-india-tikka-masala-simmer-sauce-pouch-375g-4699030",
    "img": "https://productimages.coles.com.au/productimages/4/4699030.jpg",
    "price": 6.3,
    "quantity": 0.375,
    "unitPrice": 16.8
  },
  {
    "name": "Passage To India Rogan Josh Simmer Sauce Pouch",
    "url": "https://www.coles.com.au/product/passage-foods-passage-to-india-rogan-josh-simmer-sauce-pouch-375g-4699040",
    "img": "https://productimages.coles.com.au/productimages/4/4699040.jpg",
    "price": 6.3,
    "quantity": 0.375,
    "unitPrice": 16.8
  },
  {
    "name": "Nepalese Chicken Curry",
    "url": "https://www.coles.com.au/product/passage-to-india-nepalese-chicken-curry-375g-5193976",
    "img": "https://productimages.coles.com.au/productimages/5/5193976.jpg",
    "price": 6.3,
    "quantity": 0.375,
    "unitPrice": 16.8
  },
  {
    "name": "Passage to India Vindaloo Simmer Sauce Pouch",
    "url": "https://www.coles.com.au/product/passage-foods-passage-to-india-vindaloo-simmer-sauce-pouch-375g-6293943",
    "img": "https://productimages.coles.com.au/productimages/6/6293943.jpg",
    "price": 6.3,
    "quantity": 0.375,
    "unitPrice": 16.8
  },
  {
    "name": "Extra Spicy Butter Chicken Simmer Sauce",
    "url": "https://www.coles.com.au/product/passage-to-india-extra-spicy-butter-chicken-simmer-sauce-375g-6510746",
    "img": "https://productimages.coles.com.au/productimages/6/6510746.jpg",
    "price": 6.3,
    "quantity": 0.375,
    "unitPrice": 16.8
  },
  {
    "name": "Passage To India Balti Curry Simmer Sauce Pouch",
    "url": "https://www.coles.com.au/product/passage-foods-passage-to-india-balti-curry-simmer-sauce-pouch-375g-6836197",
    "img": "https://productimages.coles.com.au/productimages/6/6836197.jpg",
    "price": 6.3,
    "quantity": 0.375,
    "unitPrice": 16.8
  },
  {
    "name": "Passage To India Korma Curry Simmer Sauce Pouch",
    "url": "https://www.coles.com.au/product/passage-foods-passage-to-india-korma-curry-simmer-sauce-pouch-375g-9781580",
    "img": "https://productimages.coles.com.au/productimages/9/9781580.jpg",
    "price": 6.3,
    "quantity": 0.375,
    "unitPrice": 16.8
  },
  {
    "name": "Spread",
    "url": "https://www.coles.com.au/product/vegemite-spread-560g-6027622",
    "img": "https://productimages.coles.com.au/productimages/6/6027622.jpg",
    "price": 9.4,
    "quantity": 0.56,
    "unitPrice": 16.8
  },
  {
    "name": "100% Australian Pure Honey Squeeze",
    "url": "https://www.coles.com.au/product/coles-100%-australian-pure-honey-squeeze-250g-6928681",
    "img": "https://productimages.coles.com.au/productimages/6/6928681.jpg",
    "price": 4.2,
    "quantity": 0.25,
    "unitPrice": 16.8
  },
  {
    "name": "100% Pure Australian Honey Jar",
    "url": "https://www.coles.com.au/product/beechworth-honey-100%-pure-australian-honey-jar-950g-4462245",
    "img": "https://productimages.coles.com.au/productimages/4/4462245.jpg",
    "price": 16,
    "quantity": 0.95,
    "unitPrice": 16.8
  },
  {
    "name": "Classico Italian Extra Virgin Olive Oil",
    "url": "https://www.coles.com.au/product/monini-classico-italian-extra-virgin-olive-oil-750ml-3526604",
    "img": "https://productimages.coles.com.au/productimages/3/3526604.jpg",
    "price": 12.6,
    "quantity": 0.75,
    "unitPrice": 16.8
  },
  {
    "name": "Kraft Easy Mac & Cheese Macaroni Pasta Classic Cheese Box",
    "url": "https://www.woolworths.com.au/shop/productdetails/210635",
    "img": "https://cdn0.woolworths.media/content/wowproductimages/medium/210635.jpg",
    "price": 4.7,
    "quantity": 0.28,
    "unitPrice": 16.8
  },
  {
    "name": "Kraft Easy Mac & Cheese Macaroni Pasta Cheesy Chicken Box",
    "url": "https://www.woolworths.com.au/shop/productdetails/232270",
    "img": "https://cdn0.woolworths.media/content/wowproductimages/medium/232270.jpg",
    "price": 4.7,
    "quantity": 0.28,
    "unitPrice": 16.8
  },
  {
    "name": "Vegemite Spread",
    "url": "https://www.woolworths.com.au/shop/productdetails/280512",
    "img": "https://cdn0.woolworths.media/content/wowproductimages/medium/280512.jpg",
    "price": 9.4,
    "quantity": 0.56,
    "unitPrice": 16.8
  },
  {
    "name": "Arnott's Spicy Fruit Roll Biscuits",
    "url": "https://www.woolworths.com.au/shop/productdetails/36034",
    "img": "https://cdn0.woolworths.media/content/wowproductimages/medium/036034.jpg",
    "price": 4.2,
    "quantity": 0.25,
    "unitPrice": 16.8
  },
  {
    "name": "Greek Style Vanilla Bean Yoghurt",
    "url": "https://www.coles.com.au/product/farmers-union-greek-style-vanilla-bean-yoghurt-130g-3087060",
    "img": "https://productimages.coles.com.au/productimages/3/3087060.jpg",
    "price": 2.2,
    "quantity": 0.13,
    "unitPrice": 16.9
  },
  {
    "name": "Greek Style Yoghurt",
    "url": "https://www.coles.com.au/product/farmers-union-greek-style-yoghurt-130g-3087071",
    "img": "https://productimages.coles.com.au/productimages/3/3087071.jpg",
    "price": 2.2,
    "quantity": 0.13,
    "unitPrice": 16.9
  },
  {
    "name": "Greek Style Strawberry Yoghurt Pouch",
    "url": "https://www.coles.com.au/product/farmers-union-greek-style-strawberry-yoghurt-pouch-130g-3251415",
    "img": "https://productimages.coles.com.au/productimages/3/3251415.jpg",
    "price": 2.2,
    "quantity": 0.13,
    "unitPrice": 16.9
  },
  {
    "name": "Greek Style Mango Yoghurt Pouch",
    "url": "https://www.coles.com.au/product/farmers-union-greek-style-mango-yoghurt-pouch-130g-3305810",
    "img": "https://productimages.coles.com.au/productimages/3/3305810.jpg",
    "price": 2.2,
    "quantity": 0.13,
    "unitPrice": 16.9
  },
  {
    "name": "Greek Style Passionfruit Yoghurt Pouch",
    "url": "https://www.coles.com.au/product/farmers-union-greek-style-passionfruit-yoghurt-pouch-130g-3306765",
    "img": "https://productimages.coles.com.au/productimages/3/3306765.jpg",
    "price": 2.2,
    "quantity": 0.13,
    "unitPrice": 16.9
  },
  {
    "name": "Yoghurt Peach 130g",
    "url": "https://www.coles.com.au/product/farmers-union-yoghurt-peach-130g-130g-3830911",
    "img": "https://productimages.coles.com.au/productimages/3/3830911.jpg",
    "price": 2.2,
    "quantity": 0.13,
    "unitPrice": 16.9
  },
  {
    "name": "No Added Sugar Kids Yogurt Pouch Vanilla",
    "url": "https://www.coles.com.au/product/farmers-union-no-added-sugar-kids-yogurt-pouch-vanilla-130g-6600678",
    "img": "https://productimages.coles.com.au/productimages/6/6600678.jpg",
    "price": 2.2,
    "quantity": 0.13,
    "unitPrice": 16.9
  },
  {
    "name": "No Added Sugar Kids Yogurt Pouch Strawberry",
    "url": "https://www.coles.com.au/product/farmers-union-no-added-sugar-kids-yogurt-pouch-strawberry-130g-6600689",
    "img": "https://productimages.coles.com.au/productimages/6/6600689.jpg",
    "price": 2.2,
    "quantity": 0.13,
    "unitPrice": 16.9
  },
  {
    "name": "No Added Sugar Kids Yogurt Pouch Blueberry",
    "url": "https://www.coles.com.au/product/farmers-union-no-added-sugar-kids-yogurt-pouch-blueberry-130g-6600805",
    "img": "https://productimages.coles.com.au/productimages/6/6600805.jpg",
    "price": 2.2,
    "quantity": 0.13,
    "unitPrice": 16.9
  },
  {
    "name": "Vegan Pancake Mix Vanilla",
    "url": "https://www.coles.com.au/product/kialla-organic-vegan-pancake-mix-vanilla-325g-4966395",
    "img": "https://productimages.coles.com.au/productimages/4/4966395.jpg",
    "price": 5.5,
    "quantity": 0.325,
    "unitPrice": 16.9
  },
  {
    "name": "Waffle Pancake Mix Classic",
    "url": "https://www.coles.com.au/product/kialla-organic-waffle-pancake-mix-classic-325g-4966431",
    "img": "https://productimages.coles.com.au/productimages/4/4966431.jpg",
    "price": 5.5,
    "quantity": 0.325,
    "unitPrice": 16.9
  },
  {
    "name": "Waffle Pancake Mix Classic",
    "url": "https://www.coles.com.au/product/kialla-organic-waffle-pancake-mix-classic-325g-4966431",
    "img": "https://productimages.coles.com.au/productimages/4/4966431.jpg",
    "price": 5.5,
    "quantity": 0.325,
    "unitPrice": 16.9
  },
  {
    "name": "Gluten Free Sauce Stir Fry Asian Herb",
    "url": "https://www.coles.com.au/product/kikkoman-gluten-free-sauce-stir-fry-asian-herb-225g-5007572",
    "img": "https://productimages.coles.com.au/productimages/5/5007572.jpg",
    "price": 3.8,
    "quantity": 0.225,
    "unitPrice": 16.9
  },
  {
    "name": "Tandoori Paste Marinade",
    "url": "https://www.coles.com.au/product/patak's-tandoori-paste-marinade-295g-5030734",
    "img": "https://productimages.coles.com.au/productimages/5/5030734.jpg",
    "price": 5,
    "quantity": 0.295,
    "unitPrice": 16.9
  },
  {
    "name": "Spread",
    "url": "https://www.coles.com.au/product/promite-spread-290g-224959",
    "img": "https://productimages.coles.com.au/productimages/2/224959.jpg",
    "price": 4.9,
    "quantity": 0.29,
    "unitPrice": 16.9
  },
  {
    "name": "Coco Belgian White Chocolate & Hazelnut Spread",
    "url": "https://www.coles.com.au/product/leo-coco-belgian-white-chocolate-&-hazelnut-spread-325g-4463973",
    "img": "https://productimages.coles.com.au/productimages/4/4463973.jpg",
    "price": 5.5,
    "quantity": 0.325,
    "unitPrice": 16.9
  },
  {
    "name": "Coco Belgian Milk Chocolate & Hazelnut Spread",
    "url": "https://www.coles.com.au/product/leo-coco-belgian-milk-chocolate-&-hazelnut-spread-325g-4463984",
    "img": "https://productimages.coles.com.au/productimages/4/4463984.jpg",
    "price": 5.5,
    "quantity": 0.325,
    "unitPrice": 16.9
  },
  {
    "name": "Saucy Sauce Mayonnaise & Ketchup Tomato Sauce",
    "url": "https://www.coles.com.au/product/heinz-saucy-sauce-mayonnaise-&-ketchup-tomato-sauce-295ml-5990555",
    "img": "https://productimages.coles.com.au/productimages/5/5990555.jpg",
    "price": 5,
    "quantity": 0.295,
    "unitPrice": 16.9
  },
  {
    "name": "Brazilian Cheese Bread",
    "url": "https://www.coles.com.au/product/cheesebuddy-brazilian-cheese-bread-450g-3947351",
    "img": "https://productimages.coles.com.au/productimages/3/3947351.jpg",
    "price": 7.6,
    "quantity": 0.45,
    "unitPrice": 16.9
  },
  {
    "name": "Oat Milk Chocolate Hazelnut Ice Cream Tub",
    "url": "https://www.coles.com.au/product/halo-top-oat-milk-chocolate-hazelnut-ice-cream-tub-473ml-3830376",
    "img": "https://productimages.coles.com.au/productimages/3/3830376.jpg",
    "price": 8,
    "quantity": 0.473,
    "unitPrice": 16.9
  },
  {
    "name": "Brownie Batter Ice Cream Tub",
    "url": "https://www.coles.com.au/product/halo-top-brownie-batter-ice-cream-tub-473ml-3830412",
    "img": "https://productimages.coles.com.au/productimages/3/3830412.jpg",
    "price": 8,
    "quantity": 0.473,
    "unitPrice": 16.9
  },
  {
    "name": "Cookies & Cream",
    "url": "https://www.coles.com.au/product/halo-top-cookies-&-cream-473ml-4458929",
    "img": "https://productimages.coles.com.au/productimages/4/4458929.jpg",
    "price": 8,
    "quantity": 0.473,
    "unitPrice": 16.9
  },
  {
    "name": "Salted Caramel Tub",
    "url": "https://www.coles.com.au/product/halo-top-salted-caramel-tub-473ml-5488834",
    "img": "https://productimages.coles.com.au/productimages/5/5488834.jpg",
    "price": 8,
    "quantity": 0.473,
    "unitPrice": 16.9
  },
  {
    "name": "Brazilian Cheese Bread",
    "url": "https://www.coles.com.au/product/cheesebuddy-brazilian-cheese-bread-450g-3947351",
    "img": "https://productimages.coles.com.au/productimages/3/3947351.jpg",
    "price": 7.6,
    "quantity": 0.45,
    "unitPrice": 16.9
  },
  {
    "name": "Oat Milk Chocolate Hazelnut Ice Cream Tub",
    "url": "https://www.coles.com.au/product/halo-top-oat-milk-chocolate-hazelnut-ice-cream-tub-473ml-3830376",
    "img": "https://productimages.coles.com.au/productimages/3/3830376.jpg",
    "price": 8,
    "quantity": 0.473,
    "unitPrice": 16.9
  },
  {
    "name": "Brownie Batter Ice Cream Tub",
    "url": "https://www.coles.com.au/product/halo-top-brownie-batter-ice-cream-tub-473ml-3830412",
    "img": "https://productimages.coles.com.au/productimages/3/3830412.jpg",
    "price": 8,
    "quantity": 0.473,
    "unitPrice": 16.9
  },
  {
    "name": "Cookies & Cream",
    "url": "https://www.coles.com.au/product/halo-top-cookies-&-cream-473ml-4458929",
    "img": "https://productimages.coles.com.au/productimages/4/4458929.jpg",
    "price": 8,
    "quantity": 0.473,
    "unitPrice": 16.9
  },
  {
    "name": "Salted Caramel Tub",
    "url": "https://www.coles.com.au/product/halo-top-salted-caramel-tub-473ml-5488834",
    "img": "https://productimages.coles.com.au/productimages/5/5488834.jpg",
    "price": 8,
    "quantity": 0.473,
    "unitPrice": 16.9
  },
  {
    "name": "Rana Fettuccine Pasta",
    "url": "https://www.woolworths.com.au/shop/productdetails/81571",
    "img": "https://cdn0.woolworths.media/content/wowproductimages/medium/081571.jpg",
    "price": 5.5,
    "quantity": 0.325,
    "unitPrice": 16.9
  },
  {
    "name": "Farmers Union Greek Style Yoghurt Pouch Strawberry",
    "url": "https://www.woolworths.com.au/shop/productdetails/686461",
    "img": "https://cdn0.woolworths.media/content/wowproductimages/medium/686461.jpg",
    "price": 2.2,
    "quantity": 0.13,
    "unitPrice": 16.9
  },
  {
    "name": "Farmers Union Greek Style Yogurt Pouch Real Vanilla Bean",
    "url": "https://www.woolworths.com.au/shop/productdetails/663177",
    "img": "https://cdn0.woolworths.media/content/wowproductimages/medium/663177.jpg",
    "price": 2.2,
    "quantity": 0.13,
    "unitPrice": 16.9
  },
  {
    "name": "Farmers Union Greek Style Yoghurt Pouch Hint Of Real Mango",
    "url": "https://www.woolworths.com.au/shop/productdetails/686455",
    "img": "https://cdn0.woolworths.media/content/wowproductimages/medium/686455.jpg",
    "price": 2.2,
    "quantity": 0.13,
    "unitPrice": 16.9
  },
  {
    "name": "Farmers Union Greek Style Yoghurt Pouch Passionfruit",
    "url": "https://www.woolworths.com.au/shop/productdetails/168114",
    "img": "https://cdn0.woolworths.media/content/wowproductimages/medium/168114.jpg",
    "price": 2.2,
    "quantity": 0.13,
    "unitPrice": 16.9
  },
  {
    "name": "Farmers Union Greek Style Yogurt Pouch Natural",
    "url": "https://www.woolworths.com.au/shop/productdetails/663179",
    "img": "https://cdn0.woolworths.media/content/wowproductimages/medium/663179.jpg",
    "price": 2.2,
    "quantity": 0.13,
    "unitPrice": 16.9
  },
  {
    "name": "Mayver's Hulled Tahini Spread",
    "url": "https://www.woolworths.com.au/shop/productdetails/29348",
    "img": "https://cdn0.woolworths.media/content/wowproductimages/medium/029348.jpg",
    "price": 6.5,
    "quantity": 0.385,
    "unitPrice": 16.9
  },
  {
    "name": "Hp Original Barbecue Bbq Sauce 99% Fat Free Brown Sauce",
    "url": "https://www.woolworths.com.au/shop/productdetails/728546",
    "img": "https://cdn0.woolworths.media/content/wowproductimages/medium/728546.jpg",
    "price": 6.6,
    "quantity": 0.39,
    "unitPrice": 16.9
  },
  {
    "name": "Heinz Saucy Sauce Mayonnaise Ketchup Mayo Tomato Sauce Blend",
    "url": "https://www.woolworths.com.au/shop/productdetails/238371",
    "img": "https://cdn0.woolworths.media/content/wowproductimages/medium/238371.jpg",
    "price": 5,
    "quantity": 0.295,
    "unitPrice": 16.9
  },
  {
    "name": "Westacre Dairy Tasty Cheese Slices",
    "url": "https://www.aldi.com.au/en/groceries/fresh-produce/dairy-eggs/dairy-eggs-detail/ps/p/westacre-dairy-tasty-cheese-slices-500g/",
    "img": "https://www.aldi.com.au/fileadmin/_processed_/7/5/csm_1001605-3_1x1_Q4_WEB-AUDIT_DAIRY_228x128_11_a1f9ab4c69.jpg",
    "price": 8.49,
    "quantity": 0.5,
    "unitPrice": 16.98
  },
  {
    "name": "Prunes",
    "url": "https://www.coles.com.au/product/coles-prunes-approx.-100g-8417060",
    "img": "https://productimages.coles.com.au/productimages/8/8417060.jpg",
    "price": 1.7,
    "quantity": 0.1,
    "unitPrice": 17
  },
  {
    "name": "Middle Bacon Rind On",
    "url": "https://www.coles.com.au/product/primo-middle-bacon-rind-on-approx.-100g-4304255",
    "img": "https://productimages.coles.com.au/productimages/4/4304255.jpg",
    "price": 1.7,
    "quantity": 0.1,
    "unitPrice": 17
  },
  {
    "name": "Middle Bacon Rind On",
    "url": "https://www.coles.com.au/product/primo-middle-bacon-rind-on-approx.-100g-4304255",
    "img": "https://productimages.coles.com.au/productimages/4/4304255.jpg",
    "price": 1.7,
    "quantity": 0.1,
    "unitPrice": 17
  },
  {
    "name": "Instant Batter Mix",
    "url": "https://www.coles.com.au/product/mary-macks-instant-batter-mix-150g-5361764",
    "img": "https://productimages.coles.com.au/productimages/5/5361764.jpg",
    "price": 2.5,
    "quantity": 0.15,
    "unitPrice": 17
  },
  {
    "name": "Australian Pitted Prunes",
    "url": "https://www.coles.com.au/product/angas-park-australian-pitted-prunes-500g-7050324",
    "img": "https://productimages.coles.com.au/productimages/7/7050324.jpg",
    "price": 8.5,
    "quantity": 0.5,
    "unitPrice": 17
  },
  {
    "name": "Australian Pitted Prunes",
    "url": "https://www.coles.com.au/product/angas-park-australian-pitted-prunes-500g-7050324",
    "img": "https://productimages.coles.com.au/productimages/7/7050324.jpg",
    "price": 8.5,
    "quantity": 0.5,
    "unitPrice": 17
  },
  {
    "name": "Original Fried Noodles",
    "url": "https://www.coles.com.au/product/chang's-original-fried-noodles-100g-292212",
    "img": "https://productimages.coles.com.au/productimages/2/292212.jpg",
    "price": 1.7,
    "quantity": 0.1,
    "unitPrice": 17
  },
  {
    "name": "Sliced Pickled Ginger Amazu Shoga",
    "url": "https://www.coles.com.au/product/obento-sliced-pickled-ginger-amazu-shoga-100g-6069134",
    "img": "https://productimages.coles.com.au/productimages/6/6069134.jpg",
    "price": 1.7,
    "quantity": 0.1,
    "unitPrice": 17
  },
  {
    "name": "Crunchy Fried Noodles",
    "url": "https://www.coles.com.au/product/chang's-crunchy-fried-noodles-100g-6467498",
    "img": "https://productimages.coles.com.au/productimages/6/6467498.jpg",
    "price": 1.7,
    "quantity": 0.1,
    "unitPrice": 17
  },
  {
    "name": "Garam Masala Powder",
    "url": "https://www.coles.com.au/product/pattu-garam-masala-powder-200g-3339221",
    "img": "https://productimages.coles.com.au/productimages/3/3339221.jpg",
    "price": 3.4,
    "quantity": 0.2,
    "unitPrice": 17
  },
  {
    "name": "Vietnamese Beef Pho Kit",
    "url": "https://www.coles.com.au/product/mr-chen's-vietnamese-beef-pho-kit-500g-3740557",
    "img": "https://productimages.coles.com.au/productimages/3/3740557.jpg",
    "price": 8.5,
    "quantity": 0.5,
    "unitPrice": 17
  },
  {
    "name": "Dressing Salad & French Fry",
    "url": "https://www.coles.com.au/product/spur-dressing-salad-&-french-fry-500g-5576126",
    "img": "https://productimages.coles.com.au/productimages/5/5576126.jpg",
    "price": 8.5,
    "quantity": 0.5,
    "unitPrice": 17
  },
  {
    "name": "Ramen Kyushu Tonkotsu",
    "url": "https://www.coles.com.au/product/nissin-ramen-kyushu-tonkotsu-176g-6839548",
    "img": "https://productimages.coles.com.au/productimages/6/6839548.jpg",
    "price": 3,
    "quantity": 0.176,
    "unitPrice": 17
  },
  {
    "name": "100% Pure Australian Honey Jar",
    "url": "https://www.coles.com.au/product/beechworth-honey-100%-pure-australian-honey-jar-500g-2624437",
    "img": "https://productimages.coles.com.au/productimages/2/2624437.jpg",
    "price": 8.5,
    "quantity": 0.5,
    "unitPrice": 17
  },
  {
    "name": "Raw Organic Honey",
    "url": "https://www.coles.com.au/product/pureharvest-raw-organic-honey-500g-9657300",
    "img": "https://productimages.coles.com.au/productimages/9/9657300.jpg",
    "price": 8.5,
    "quantity": 0.5,
    "unitPrice": 17
  },
  {
    "name": "Extra Virgin Olive Oil",
    "url": "https://www.coles.com.au/product/red-island-extra-virgin-olive-oil-1l-6571900",
    "img": "https://productimages.coles.com.au/productimages/6/6571900.jpg",
    "price": 17,
    "quantity": 1,
    "unitPrice": 17
  },
  {
    "name": "Frozen Party Classic Beef Pies 12 pack",
    "url": "https://www.coles.com.au/product/patties-frozen-party-classic-beef-pies-12-pack-560g-5237153",
    "img": "https://productimages.coles.com.au/productimages/5/5237153.jpg",
    "price": 9.5,
    "quantity": 0.56,
    "unitPrice": 17
  },
  {
    "name": "Life Savers Ice Cream 8 pack",
    "url": "https://www.coles.com.au/product/peters-life-savers-ice-cream-8-pack-530ml-7213575",
    "img": "https://productimages.coles.com.au/productimages/7/7213575.jpg",
    "price": 9,
    "quantity": 0.53,
    "unitPrice": 17
  },
  {
    "name": "Plant Based Meatball",
    "url": "https://www.coles.com.au/product/birds-eye-plant-based-meatball-300g-4327320",
    "img": "https://productimages.coles.com.au/productimages/4/4327320.jpg",
    "price": 5.1,
    "quantity": 0.3,
    "unitPrice": 17
  },
  {
    "name": "Plant Based Burgers",
    "url": "https://www.coles.com.au/product/birds-eye-plant-based-burgers-300g-4327330",
    "img": "https://productimages.coles.com.au/productimages/4/4327330.jpg",
    "price": 5.1,
    "quantity": 0.3,
    "unitPrice": 17
  },
  {
    "name": "Plant Based Wholemeal Crumb Chicken Tenders",
    "url": "https://www.coles.com.au/product/birds-eye-plant-based-wholemeal-crumb-chicken-tenders-300g-4327341",
    "img": "https://productimages.coles.com.au/productimages/4/4327341.jpg",
    "price": 5.1,
    "quantity": 0.3,
    "unitPrice": 17
  },
  {
    "name": "Plant Based Mince",
    "url": "https://www.coles.com.au/product/birds-eye-plant-based-mince-300g-4327363",
    "img": "https://productimages.coles.com.au/productimages/4/4327363.jpg",
    "price": 5.1,
    "quantity": 0.3,
    "unitPrice": 17
  },
  {
    "name": "Plant Based Chicken Style Nuggets",
    "url": "https://www.coles.com.au/product/birds-eye-plant-based-chicken-style-nuggets-300g-5645502",
    "img": "https://productimages.coles.com.au/productimages/5/5645502.jpg",
    "price": 5.1,
    "quantity": 0.3,
    "unitPrice": 17
  },
  {
    "name": "Plant Based Chicken Style Fingers",
    "url": "https://www.coles.com.au/product/birds-eye-plant-based-chicken-style-fingers-300g-5645660",
    "img": "https://productimages.coles.com.au/productimages/5/5645660.jpg",
    "price": 5.1,
    "quantity": 0.3,
    "unitPrice": 17
  },
  {
    "name": "Plant Based Sweet Chilli Tenders",
    "url": "https://www.coles.com.au/product/birds-eye-plant-based-sweet-chilli-tenders-300g-5645681",
    "img": "https://productimages.coles.com.au/productimages/5/5645681.jpg",
    "price": 5.1,
    "quantity": 0.3,
    "unitPrice": 17
  },
  {
    "name": "Frozen Cheese & Bacon Family Pizza",
    "url": "https://www.coles.com.au/product/mccain-frozen-cheese-&-bacon-family-pizza-500g-181572",
    "img": "https://productimages.coles.com.au/productimages/1/181572.jpg",
    "price": 8.5,
    "quantity": 0.5,
    "unitPrice": 17
  },
  {
    "name": "Frozen Supreme Family Pizza",
    "url": "https://www.coles.com.au/product/mccain-frozen-supreme-family-pizza-500g-251124",
    "img": "https://productimages.coles.com.au/productimages/2/251124.jpg",
    "price": 8.5,
    "quantity": 0.5,
    "unitPrice": 17
  },
  {
    "name": "Frozen BBQ Chicken & Pineapple Family Pizza",
    "url": "https://www.coles.com.au/product/mccain-frozen-bbq-chicken-&-pineapple-family-pizza-500g-3157246",
    "img": "https://productimages.coles.com.au/productimages/3/3157246.jpg",
    "price": 8.5,
    "quantity": 0.5,
    "unitPrice": 17
  },
  {
    "name": "Cocktail Samosa",
    "url": "https://www.coles.com.au/product/sabrini-cocktail-samosa-500g-3775085",
    "img": "https://productimages.coles.com.au/productimages/3/3775085.jpg",
    "price": 8.5,
    "quantity": 0.5,
    "unitPrice": 17
  },
  {
    "name": "Frozen Ham & Pineapple Family Pizza",
    "url": "https://www.coles.com.au/product/mccain-frozen-ham-&-pineapple-family-pizza-500g-403765",
    "img": "https://productimages.coles.com.au/productimages/4/403765.jpg",
    "price": 8.5,
    "quantity": 0.5,
    "unitPrice": 17
  },
  {
    "name": "Frozen BBQ Meatlovers Family Pizza",
    "url": "https://www.coles.com.au/product/mccain-frozen-bbq-meatlovers-family-pizza-500g-7010250",
    "img": "https://productimages.coles.com.au/productimages/7/7010250.jpg",
    "price": 8.5,
    "quantity": 0.5,
    "unitPrice": 17
  },
  {
    "name": "Family Margherita Frozen Pizza",
    "url": "https://www.coles.com.au/product/mccain-family-margherita-frozen-pizza-500g-9289160",
    "img": "https://productimages.coles.com.au/productimages/9/9289160.jpg",
    "price": 8.5,
    "quantity": 0.5,
    "unitPrice": 17
  },
  {
    "name": "Frozen Premium Potato Pie 2 pack",
    "url": "https://www.coles.com.au/product/balfours-frozen-premium-potato-pie-2-pack-440g-7961729",
    "img": "https://productimages.coles.com.au/productimages/7/7961729.jpg",
    "price": 7.5,
    "quantity": 0.44,
    "unitPrice": 17
  },
  {
    "name": "Frozen Party Classic Beef Pies 12 pack",
    "url": "https://www.coles.com.au/product/patties-frozen-party-classic-beef-pies-12-pack-560g-5237153",
    "img": "https://productimages.coles.com.au/productimages/5/5237153.jpg",
    "price": 9.5,
    "quantity": 0.56,
    "unitPrice": 17
  },
  {
    "name": "Life Savers Ice Cream 8 pack",
    "url": "https://www.coles.com.au/product/peters-life-savers-ice-cream-8-pack-530ml-7213575",
    "img": "https://productimages.coles.com.au/productimages/7/7213575.jpg",
    "price": 9,
    "quantity": 0.53,
    "unitPrice": 17
  },
  {
    "name": "Plant Based Meatball",
    "url": "https://www.coles.com.au/product/birds-eye-plant-based-meatball-300g-4327320",
    "img": "https://productimages.coles.com.au/productimages/4/4327320.jpg",
    "price": 5.1,
    "quantity": 0.3,
    "unitPrice": 17
  },
  {
    "name": "Beef Thyme And Parsley Burgers",
    "url": "https://www.coles.com.au/product/coles-beef-thyme-and-parsley-burgers-500g-3034348",
    "img": "https://productimages.coles.com.au/productimages/3/3034348.jpg",
    "price": 8.5,
    "quantity": 0.5,
    "unitPrice": 17
  },
  {
    "name": "Kanga Bangas",
    "url": "https://www.coles.com.au/product/k-roo-kanga-bangas-500g-1200231",
    "img": "https://productimages.coles.com.au/productimages/1/1200231.jpg",
    "price": 8.5,
    "quantity": 0.5,
    "unitPrice": 17
  },
  {
    "name": "Cumberland Sausages",
    "url": "https://www.coles.com.au/product/british-cumberland-sausages-500g-2814818",
    "img": "https://productimages.coles.com.au/productimages/2/2814818.jpg",
    "price": 8.5,
    "quantity": 0.5,
    "unitPrice": 17
  },
  {
    "name": "Lincolnshire Sausages",
    "url": "https://www.coles.com.au/product/british-sausage-co-lincolnshire-sausages-500g-3139084",
    "img": "https://productimages.coles.com.au/productimages/3/3139084.jpg",
    "price": 8.5,
    "quantity": 0.5,
    "unitPrice": 17
  },
  {
    "name": "Graze Lamb Mince",
    "url": "https://www.coles.com.au/product/coles-graze-lamb-mince-500g-3697710",
    "img": "https://productimages.coles.com.au/productimages/3/3697710.jpg",
    "price": 8.5,
    "quantity": 0.5,
    "unitPrice": 17
  },
  {
    "name": "Classic Beef Burgers",
    "url": "https://www.coles.com.au/product/coles-classic-beef-burgers-500g-3898948",
    "img": "https://productimages.coles.com.au/productimages/3/3898948.jpg",
    "price": 8.5,
    "quantity": 0.5,
    "unitPrice": 17
  },
  {
    "name": "Welsh Recipe Pork And Leek Sausages",
    "url": "https://www.coles.com.au/product/british-welsh-recipe-pork-and-leek-sausages-500g-5175908",
    "img": "https://productimages.coles.com.au/productimages/5/5175908.jpg",
    "price": 8.5,
    "quantity": 0.5,
    "unitPrice": 17
  },
  {
    "name": "Pork Loin Steaks Thin Cut Fff",
    "url": "https://www.coles.com.au/product/coles-pork-loin-steaks-thin-cut-fff-500g-6135432",
    "img": "https://productimages.coles.com.au/productimages/6/6135432.jpg",
    "price": 8.5,
    "quantity": 0.5,
    "unitPrice": 17
  },
  {
    "name": "Pork Loin Chops",
    "url": "https://www.coles.com.au/product/coles-pork-loin-chops-approx.-887g-3035260",
    "img": "https://productimages.coles.com.au/productimages/3/3035260.jpg",
    "price": 15.08,
    "quantity": 0.887,
    "unitPrice": 17
  },
  {
    "name": "RSPCA Approved Free Range Chicken Breast Fillet Small Pack",
    "url": "https://www.coles.com.au/product/coles-rspca-approved-free-range-chicken-breast-fillet-small-pack-approx.-600g-3228730",
    "img": "https://productimages.coles.com.au/productimages/3/3228730.jpg",
    "price": 10.2,
    "quantity": 0.6,
    "unitPrice": 17
  },
  {
    "name": "No Added Hormone Beef Shin Gravy Beef Whole Piece",
    "url": "https://www.coles.com.au/product/coles-no-added-hormone-beef-shin-gravy-beef-whole-piece-approx.-850g-4256651",
    "img": "https://productimages.coles.com.au/productimages/4/4256651.jpg",
    "price": 14.45,
    "quantity": 0.85,
    "unitPrice": 17
  },
  {
    "name": "Beef Roast & Onion Garlic & Red Wine Rub",
    "url": "https://www.coles.com.au/product/coles-beef-roast-&-onion-garlic-&-red-wine-rub-approx.-1.2kg-4256902",
    "img": "https://productimages.coles.com.au/productimages/4/4256902.jpg",
    "price": 20.4,
    "quantity": 1.2,
    "unitPrice": 17
  },
  {
    "name": "Beef Tender Blade Roast",
    "url": "https://www.coles.com.au/product/coles-beef-tender-blade-roast-approx.-1kg-5176004",
    "img": "https://productimages.coles.com.au/productimages/5/5176004.jpg",
    "price": 17,
    "quantity": 1,
    "unitPrice": 17
  },
  {
    "name": "Butterflied Boneless Chicken Jamacian Jerk",
    "url": "https://www.coles.com.au/product/lilydale-butterflied-boneless-chicken-jamacian-jerk-approx.-1.35kg-5552274",
    "img": "https://productimages.coles.com.au/productimages/5/5552274.jpg",
    "price": 22.95,
    "quantity": 1.35,
    "unitPrice": 17
  },
  {
    "name": "No Added Hormone Beef Blade Steak",
    "url": "https://www.coles.com.au/product/drovers-choice-no-added-hormone-beef-blade-steak-approx.-1.2kg-8749311",
    "img": "https://productimages.coles.com.au/productimages/8/8749311.jpg",
    "price": 20.4,
    "quantity": 1.2,
    "unitPrice": 17
  },
  {
    "name": "Kanga Bangas",
    "url": "https://www.coles.com.au/product/k-roo-kanga-bangas-500g-1200231",
    "img": "https://productimages.coles.com.au/productimages/1/1200231.jpg",
    "price": 8.5,
    "quantity": 0.5,
    "unitPrice": 17
  },
  {
    "name": "Cumberland Sausages",
    "url": "https://www.coles.com.au/product/british-cumberland-sausages-500g-2814818",
    "img": "https://productimages.coles.com.au/productimages/2/2814818.jpg",
    "price": 8.5,
    "quantity": 0.5,
    "unitPrice": 17
  },
  {
    "name": "Lincolnshire Sausages",
    "url": "https://www.coles.com.au/product/british-sausage-co-lincolnshire-sausages-500g-3139084",
    "img": "https://productimages.coles.com.au/productimages/3/3139084.jpg",
    "price": 8.5,
    "quantity": 0.5,
    "unitPrice": 17
  },
  {
    "name": "Graze Lamb Mince",
    "url": "https://www.coles.com.au/product/coles-graze-lamb-mince-500g-3697710",
    "img": "https://productimages.coles.com.au/productimages/3/3697710.jpg",
    "price": 8.5,
    "quantity": 0.5,
    "unitPrice": 17
  },
  {
    "name": "Classic Beef Burgers",
    "url": "https://www.coles.com.au/product/coles-classic-beef-burgers-500g-3898948",
    "img": "https://productimages.coles.com.au/productimages/3/3898948.jpg",
    "price": 8.5,
    "quantity": 0.5,
    "unitPrice": 17
  },
  {
    "name": "Welsh Recipe Pork And Leek Sausages",
    "url": "https://www.coles.com.au/product/british-welsh-recipe-pork-and-leek-sausages-500g-5175908",
    "img": "https://productimages.coles.com.au/productimages/5/5175908.jpg",
    "price": 8.5,
    "quantity": 0.5,
    "unitPrice": 17
  },
  {
    "name": "Pork Loin Steaks Thin Cut Fff",
    "url": "https://www.coles.com.au/product/coles-pork-loin-steaks-thin-cut-fff-500g-6135432",
    "img": "https://productimages.coles.com.au/productimages/6/6135432.jpg",
    "price": 8.5,
    "quantity": 0.5,
    "unitPrice": 17
  },
  {
    "name": "Pork Loin Chops",
    "url": "https://www.coles.com.au/product/coles-pork-loin-chops-approx.-887g-3035260",
    "img": "https://productimages.coles.com.au/productimages/3/3035260.jpg",
    "price": 15.08,
    "quantity": 0.887,
    "unitPrice": 17
  },
  {
    "name": "RSPCA Approved Free Range Chicken Breast Fillet Small Pack",
    "url": "https://www.coles.com.au/product/coles-rspca-approved-free-range-chicken-breast-fillet-small-pack-approx.-600g-3228730",
    "img": "https://productimages.coles.com.au/productimages/3/3228730.jpg",
    "price": 10.2,
    "quantity": 0.6,
    "unitPrice": 17
  },
  {
    "name": "No Added Hormone Beef Shin Gravy Beef Whole Piece",
    "url": "https://www.coles.com.au/product/coles-no-added-hormone-beef-shin-gravy-beef-whole-piece-approx.-850g-4256651",
    "img": "https://productimages.coles.com.au/productimages/4/4256651.jpg",
    "price": 14.45,
    "quantity": 0.85,
    "unitPrice": 17
  },
  {
    "name": "Beef Roast & Onion Garlic & Red Wine Rub",
    "url": "https://www.coles.com.au/product/coles-beef-roast-&-onion-garlic-&-red-wine-rub-approx.-1.2kg-4256902",
    "img": "https://productimages.coles.com.au/productimages/4/4256902.jpg",
    "price": 20.4,
    "quantity": 1.2,
    "unitPrice": 17
  },
  {
    "name": "Beef Tender Blade Roast",
    "url": "https://www.coles.com.au/product/coles-beef-tender-blade-roast-approx.-1kg-5176004",
    "img": "https://productimages.coles.com.au/productimages/5/5176004.jpg",
    "price": 17,
    "quantity": 1,
    "unitPrice": 17
  },
  {
    "name": "Butterflied Boneless Chicken Jamacian Jerk",
    "url": "https://www.coles.com.au/product/lilydale-butterflied-boneless-chicken-jamacian-jerk-approx.-1.35kg-5552274",
    "img": "https://productimages.coles.com.au/productimages/5/5552274.jpg",
    "price": 22.95,
    "quantity": 1.35,
    "unitPrice": 17
  },
  {
    "name": "No Added Hormone Beef Blade Steak",
    "url": "https://www.coles.com.au/product/drovers-choice-no-added-hormone-beef-blade-steak-approx.-1.2kg-8749311",
    "img": "https://productimages.coles.com.au/productimages/8/8749311.jpg",
    "price": 20.4,
    "quantity": 1.2,
    "unitPrice": 17
  },
  {
    "name": "Devondale Unsalted Butter",
    "url": "https://www.woolworths.com.au/shop/productdetails/802209",
    "img": "https://cdn0.woolworths.media/content/wowproductimages/medium/802209.jpg",
    "price": 8.5,
    "quantity": 0.5,
    "unitPrice": 17
  },
  {
    "name": "Devondale Butter",
    "url": "https://www.woolworths.com.au/shop/productdetails/41421",
    "img": "https://cdn0.woolworths.media/content/wowproductimages/medium/041421.jpg",
    "price": 8.5,
    "quantity": 0.5,
    "unitPrice": 17
  },
  {
    "name": "Riviana Black Beans 2.5Kg",
    "url": "https://www.woolworths.com.au/shop/productdetails/1074252181",
    "img": "https://cdn0.woolworths.media/content/wowproductimages/medium/1074252181.jpg",
    "price": 42.4,
    "quantity": 2.5,
    "unitPrice": 17
  },
  {
    "name": "Thawed Imp Perch Nile Fillets Bag And Bake Teriyaki Ginger",
    "url": "https://www.woolworths.com.au/shop/productdetails/859285",
    "img": "https://cdn0.woolworths.media/content/wowproductimages/medium/859285.jpg",
    "price": 17,
    "quantity": 1,
    "unitPrice": 17
  },
  {
    "name": "Woolworths Organic Tomato Truss",
    "url": "https://www.woolworths.com.au/shop/productdetails/808412",
    "img": "https://cdn0.woolworths.media/content/wowproductimages/medium/808412.jpg",
    "price": 8.5,
    "quantity": 0.5,
    "unitPrice": 17
  },
  {
    "name": "Coyo Organic Coconut Yoghurt Vanilla Bean",
    "url": "https://www.woolworths.com.au/shop/productdetails/622919",
    "img": "https://cdn0.woolworths.media/content/wowproductimages/medium/622919.jpg",
    "price": 8.5,
    "quantity": 0.5,
    "unitPrice": 17
  },
  {
    "name": "Coyo Organic Coconut Yoghurt Natural",
    "url": "https://www.woolworths.com.au/shop/productdetails/896940",
    "img": "https://cdn0.woolworths.media/content/wowproductimages/medium/896940.jpg",
    "price": 8.5,
    "quantity": 0.5,
    "unitPrice": 17
  },
  {
    "name": "Coyo Organic Coconut Yoghurt Greek",
    "url": "https://www.woolworths.com.au/shop/productdetails/271260",
    "img": "https://cdn0.woolworths.media/content/wowproductimages/medium/271260.jpg",
    "price": 8.5,
    "quantity": 0.5,
    "unitPrice": 17
  },
  {
    "name": "Coyo Organic Coconut Yoghurt Mango",
    "url": "https://www.woolworths.com.au/shop/productdetails/272089",
    "img": "https://cdn0.woolworths.media/content/wowproductimages/medium/272089.jpg",
    "price": 8.5,
    "quantity": 0.5,
    "unitPrice": 17
  },
  {
    "name": "Virgen de la Esperanza Arroz Bomba Spanish Bomba Rice 1kg",
    "url": "https://www.woolworths.com.au/shop/productdetails/1074415888",
    "img": "https://cdn0.woolworths.media/content/wowproductimages/medium/1074415888.jpg",
    "price": 17,
    "quantity": 1,
    "unitPrice": 17
  },
  {
    "name": "Woolworths Pork Loin Chop Medium",
    "url": "https://www.woolworths.com.au/shop/productdetails/675623",
    "img": "https://cdn0.woolworths.media/content/wowproductimages/medium/675623.jpg",
    "price": 10.2,
    "quantity": 0.6,
    "unitPrice": 17
  },
  {
    "name": "Woolworths Pork Ribs",
    "url": "https://www.woolworths.com.au/shop/productdetails/675622",
    "img": "https://cdn0.woolworths.media/content/wowproductimages/medium/675622.jpg",
    "price": 22.1,
    "quantity": 1.3,
    "unitPrice": 17
  },
  {
    "name": "The British Sausage Co British Thick Pork Sausage",
    "url": "https://www.woolworths.com.au/shop/productdetails/190082",
    "img": "https://cdn0.woolworths.media/content/wowproductimages/medium/190082.jpg",
    "price": 8.5,
    "quantity": 0.5,
    "unitPrice": 17
  },
  {
    "name": "British English Breakfast Chipolatas",
    "url": "https://www.woolworths.com.au/shop/productdetails/278370",
    "img": "https://cdn0.woolworths.media/content/wowproductimages/medium/278370.jpg",
    "price": 8.5,
    "quantity": 0.5,
    "unitPrice": 17
  },
  {
    "name": "K-roo Kangaroo Sausages Kanga Bangas Bush Tomato",
    "url": "https://www.woolworths.com.au/shop/productdetails/713467",
    "img": "https://cdn0.woolworths.media/content/wowproductimages/medium/713467.jpg",
    "price": 8.5,
    "quantity": 0.5,
    "unitPrice": 17
  },
  {
    "name": "Natural Himalayan Salt Grinder",
    "url": "https://www.woolworths.com.au/shop/productdetails/702119",
    "img": "https://cdn0.woolworths.media/content/wowproductimages/medium/702119.jpg",
    "price": 6.5,
    "quantity": 0.39,
    "unitPrice": 17
  },
  {
    "name": "Natural Coarse Sea Salt Grinder",
    "url": "https://www.woolworths.com.au/shop/productdetails/702205",
    "img": "https://cdn0.woolworths.media/content/wowproductimages/medium/702205.jpg",
    "price": 6.5,
    "quantity": 0.38,
    "unitPrice": 17
  },
  {
    "name": "Mary Mack's Instant Batter Mix",
    "url": "https://www.woolworths.com.au/shop/productdetails/58798",
    "img": "https://cdn0.woolworths.media/content/wowproductimages/medium/058798.jpg",
    "price": 2.5,
    "quantity": 0.15,
    "unitPrice": 17
  },
  {
    "name": "Beechworth 100% Pure Australian Honey Jar",
    "url": "https://www.woolworths.com.au/shop/productdetails/147757",
    "img": "https://cdn0.woolworths.media/content/wowproductimages/medium/147757.jpg",
    "price": 8.5,
    "quantity": 0.5,
    "unitPrice": 17
  },
  {
    "name": "Jordans Chunky Nut Crispy Oat Clusters",
    "url": "https://www.woolworths.com.au/shop/productdetails/780739",
    "img": "https://cdn0.woolworths.media/content/wowproductimages/medium/780739.jpg",
    "price": 8.5,
    "quantity": 0.5,
    "unitPrice": 17
  },
  {
    "name": "Jordans Bursting With Berries Crunchy Oat Granola",
    "url": "https://www.woolworths.com.au/shop/productdetails/790810",
    "img": "https://cdn0.woolworths.media/content/wowproductimages/medium/790810.jpg",
    "price": 8.5,
    "quantity": 0.5,
    "unitPrice": 17
  },
  {
    "name": "Jordans Granola Low Sugar Almond Hazelnut",
    "url": "https://www.woolworths.com.au/shop/productdetails/686551",
    "img": "https://cdn0.woolworths.media/content/wowproductimages/medium/686551.jpg",
    "price": 8.5,
    "quantity": 0.5,
    "unitPrice": 17
  },
  {
    "name": "Jordans Strawberry Crispy Oat Clusters",
    "url": "https://www.woolworths.com.au/shop/productdetails/780751",
    "img": "https://cdn0.woolworths.media/content/wowproductimages/medium/780751.jpg",
    "price": 8.5,
    "quantity": 0.5,
    "unitPrice": 17
  },
  {
    "name": "Jordans Low Sugar Granola Blueberry & Coconut",
    "url": "https://www.woolworths.com.au/shop/productdetails/85598",
    "img": "https://cdn0.woolworths.media/content/wowproductimages/medium/085598.jpg",
    "price": 8.5,
    "quantity": 0.5,
    "unitPrice": 17
  },
  {
    "name": "Jordans Crispy Oat Clusters Maple & Pecan",
    "url": "https://www.woolworths.com.au/shop/productdetails/609563",
    "img": "https://cdn0.woolworths.media/content/wowproductimages/medium/609563.jpg",
    "price": 8.5,
    "quantity": 0.5,
    "unitPrice": 17
  },
  {
    "name": "Jordans Low Sugar Granola Strawberry & Seeds",
    "url": "https://www.woolworths.com.au/shop/productdetails/207593",
    "img": "https://cdn0.woolworths.media/content/wowproductimages/medium/207593.jpg",
    "price": 8.5,
    "quantity": 0.5,
    "unitPrice": 17
  },
  {
    "name": "Nature Nate's Raw & Unfiltered Honey",
    "url": "https://www.woolworths.com.au/shop/productdetails/164651",
    "img": "https://cdn0.woolworths.media/content/wowproductimages/medium/164651.jpg",
    "price": 17,
    "quantity": 1,
    "unitPrice": 17
  },
  {
    "name": "Jordans Crispy Oat Clusters Wild About Berries",
    "url": "https://www.woolworths.com.au/shop/productdetails/147354",
    "img": "https://cdn0.woolworths.media/content/wowproductimages/medium/147354.jpg",
    "price": 8.5,
    "quantity": 0.5,
    "unitPrice": 17
  },
  {
    "name": "Jordans Cluster Bites Milk Chocolate",
    "url": "https://www.woolworths.com.au/shop/productdetails/85599",
    "img": "https://cdn0.woolworths.media/content/wowproductimages/medium/085599.jpg",
    "price": 8.5,
    "quantity": 0.5,
    "unitPrice": 17
  },
  {
    "name": "Jordans Granola Low Sugar Cherry Almond",
    "url": "https://www.woolworths.com.au/shop/productdetails/810344",
    "img": "https://cdn0.woolworths.media/content/wowproductimages/medium/810344.jpg",
    "price": 8.5,
    "quantity": 0.5,
    "unitPrice": 17
  },
  {
    "name": "Jordans Cluster Bites Honey Nut",
    "url": "https://www.woolworths.com.au/shop/productdetails/85469",
    "img": "https://cdn0.woolworths.media/content/wowproductimages/medium/085469.jpg",
    "price": 8.5,
    "quantity": 0.5,
    "unitPrice": 17
  },
  {
    "name": "Creative Kitchen Ready To Roll Coloured Fondant Multipack",
    "url": "https://www.woolworths.com.au/shop/productdetails/785164",
    "img": "https://cdn0.woolworths.media/content/wowproductimages/medium/785164.jpg",
    "price": 8.5,
    "quantity": 0.5,
    "unitPrice": 17
  },
  {
    "name": "Angas Park Prunes Pitted Resealable",
    "url": "https://www.woolworths.com.au/shop/productdetails/97011",
    "img": "https://cdn0.woolworths.media/content/wowproductimages/medium/097011.jpg",
    "price": 8.5,
    "quantity": 0.5,
    "unitPrice": 17
  },
  {
    "name": "Stuffed Olives Anchovy ",
    "url": "https://www.coles.com.au/product/always-fresh-stuffed-olives-anchovy--235g-6720818",
    "img": "https://productimages.coles.com.au/productimages/6/6720818.jpg",
    "price": 4,
    "quantity": 0.235,
    "unitPrice": 17.02
  },
  {
    "name": "Mulgowie Green Beans Cleaned & Cut",
    "url": "https://www.woolworths.com.au/shop/productdetails/730118",
    "img": "https://cdn0.woolworths.media/content/wowproductimages/medium/730118.jpg",
    "price": 5.8,
    "quantity": 0.34,
    "unitPrice": 17.06
  },
  {
    "name": "Zooper Dooper Fairy Floss Cupcake Mix",
    "url": "https://www.coles.com.au/product/greens-zooper-dooper-fairy-floss-cupcake-mix-410g-6769114",
    "img": "https://productimages.coles.com.au/productimages/6/6769114.jpg",
    "price": 7,
    "quantity": 0.41,
    "unitPrice": 17.1
  },
  {
    "name": "Zooper Dooper Fairy Floss Cupcake Mix",
    "url": "https://www.coles.com.au/product/greens-zooper-dooper-fairy-floss-cupcake-mix-410g-6769114",
    "img": "https://productimages.coles.com.au/productimages/6/6769114.jpg",
    "price": 7,
    "quantity": 0.41,
    "unitPrice": 17.1
  },
  {
    "name": "Mac And Cheese Three Cheese Pasta Macaroni Noodles",
    "url": "https://www.coles.com.au/product/kraft-mac-and-cheese-three-cheese-pasta-macaroni-noodles-205g-3867730",
    "img": "https://productimages.coles.com.au/productimages/3/3867730.jpg",
    "price": 3.5,
    "quantity": 0.205,
    "unitPrice": 17.1
  },
  {
    "name": "Mac And Cheese Three Cheese Pasta Macaroni Noodles",
    "url": "https://www.coles.com.au/product/kraft-mac-and-cheese-three-cheese-pasta-macaroni-noodles-205g-3867730",
    "img": "https://productimages.coles.com.au/productimages/3/3867730.jpg",
    "price": 3.5,
    "quantity": 0.205,
    "unitPrice": 17.1
  },
  {
    "name": "Tamar Valley Dairy Yoghurt Strawberry & Cream",
    "url": "https://www.woolworths.com.au/shop/productdetails/167552",
    "img": "https://cdn0.woolworths.media/content/wowproductimages/medium/167552.jpg",
    "price": 2.9,
    "quantity": 0.17,
    "unitPrice": 17.1
  },
  {
    "name": "Tamar Valley Dairy Yoghurt Mango & Cream Yoghurt Mango & Cream",
    "url": "https://www.woolworths.com.au/shop/productdetails/167374",
    "img": "https://cdn0.woolworths.media/content/wowproductimages/medium/167374.jpg",
    "price": 2.9,
    "quantity": 0.17,
    "unitPrice": 17.1
  },
  {
    "name": "Pauls Bluey Yoghurt Pouch Vanilla Vanilla Yellow",
    "url": "https://www.woolworths.com.au/shop/productdetails/862492",
    "img": "https://cdn0.woolworths.media/content/wowproductimages/medium/862492.jpg",
    "price": 1.2,
    "quantity": 0.07,
    "unitPrice": 17.1
  },
  {
    "name": "Tamar Valley The Creamery Greek Style Yoghurt Blueberries & Cream",
    "url": "https://www.woolworths.com.au/shop/productdetails/167330",
    "img": "https://cdn0.woolworths.media/content/wowproductimages/medium/167330.jpg",
    "price": 2.9,
    "quantity": 0.17,
    "unitPrice": 17.1
  },
  {
    "name": "Tamar Valley Dairy Yoghurt Peaches & Cream",
    "url": "https://www.woolworths.com.au/shop/productdetails/167408",
    "img": "https://cdn0.woolworths.media/content/wowproductimages/medium/167408.jpg",
    "price": 2.9,
    "quantity": 0.17,
    "unitPrice": 17.1
  },
  {
    "name": "Pauls Kids Yoghurt Pouch Strawberry Princess",
    "url": "https://www.woolworths.com.au/shop/productdetails/862494",
    "img": "https://cdn0.woolworths.media/content/wowproductimages/medium/862494.jpg",
    "price": 1.2,
    "quantity": 0.07,
    "unitPrice": 17.1
  },
  {
    "name": "Pauls Kids Yoghurt Pouch Strawberry Cars",
    "url": "https://www.woolworths.com.au/shop/productdetails/862575",
    "img": "https://cdn0.woolworths.media/content/wowproductimages/medium/862575.jpg",
    "price": 1.2,
    "quantity": 0.07,
    "unitPrice": 17.1
  },
  {
    "name": "Pauls Kids Yoghurt Pouch Limited Edition Birthday Cake Flavour",
    "url": "https://www.woolworths.com.au/shop/productdetails/84918",
    "img": "https://cdn0.woolworths.media/content/wowproductimages/medium/084918.jpg",
    "price": 1.2,
    "quantity": 0.07,
    "unitPrice": 17.1
  },
  {
    "name": "Pauls Kids Yoghurt Pouch Banana The Lion King",
    "url": "https://www.woolworths.com.au/shop/productdetails/862577",
    "img": "https://cdn0.woolworths.media/content/wowproductimages/medium/862577.jpg",
    "price": 1.2,
    "quantity": 0.07,
    "unitPrice": 17.1
  },
  {
    "name": "Pauls Buzz Lightyear Yoghurt Pouch Vanilla",
    "url": "https://www.woolworths.com.au/shop/productdetails/705258",
    "img": "https://cdn0.woolworths.media/content/wowproductimages/medium/705258.jpg",
    "price": 1.2,
    "quantity": 0.07,
    "unitPrice": 17.1
  },
  {
    "name": "Pauls Custard Pouch Vanilla Vanilla",
    "url": "https://www.woolworths.com.au/shop/productdetails/436518",
    "img": "https://cdn0.woolworths.media/content/wowproductimages/medium/436518.jpg",
    "price": 2.4,
    "quantity": 0.14,
    "unitPrice": 17.1
  },
  {
    "name": "Pauls Custard Pouch Chocolate Chocolate",
    "url": "https://www.woolworths.com.au/shop/productdetails/436519",
    "img": "https://cdn0.woolworths.media/content/wowproductimages/medium/436519.jpg",
    "price": 2.4,
    "quantity": 0.14,
    "unitPrice": 17.1
  },
  {
    "name": "Pauls Custard Pouch Strawberry",
    "url": "https://www.woolworths.com.au/shop/productdetails/109919",
    "img": "https://cdn0.woolworths.media/content/wowproductimages/medium/109919.jpg",
    "price": 2.4,
    "quantity": 0.14,
    "unitPrice": 17.1
  },
  {
    "name": "Farmer Jo Cluster Puffs Chocolate",
    "url": "https://www.woolworths.com.au/shop/productdetails/277617",
    "img": "https://cdn0.woolworths.media/content/wowproductimages/medium/277617.jpg",
    "price": 6,
    "quantity": 0.35,
    "unitPrice": 17.1
  },
  {
    "name": "Kellogg's All-bran Flakes Honey Almond Cereal",
    "url": "https://www.woolworths.com.au/shop/productdetails/701689",
    "img": "https://cdn0.woolworths.media/content/wowproductimages/medium/701689.jpg",
    "price": 7.2,
    "quantity": 0.42,
    "unitPrice": 17.1
  },
  {
    "name": "Kan Tong Teriyaki Chicken Meal Base Pouch",
    "url": "https://www.woolworths.com.au/shop/productdetails/656969",
    "img": "https://cdn0.woolworths.media/content/wowproductimages/medium/656969.jpg",
    "price": 3,
    "quantity": 0.175,
    "unitPrice": 17.1
  },
  {
    "name": "Kan Tong Honey Soy & Garlic Meal Base Pouch",
    "url": "https://www.woolworths.com.au/shop/productdetails/656962",
    "img": "https://cdn0.woolworths.media/content/wowproductimages/medium/656962.jpg",
    "price": 3,
    "quantity": 0.175,
    "unitPrice": 17.1
  },
  {
    "name": "Kan Tong Thai Green Curry Meal Base Pouch",
    "url": "https://www.woolworths.com.au/shop/productdetails/656938",
    "img": "https://cdn0.woolworths.media/content/wowproductimages/medium/656938.jpg",
    "price": 3,
    "quantity": 0.175,
    "unitPrice": 17.1
  },
  {
    "name": "Masterfoods Tuscan Meatballs Recipe Base",
    "url": "https://www.woolworths.com.au/shop/productdetails/223136",
    "img": "https://cdn0.woolworths.media/content/wowproductimages/medium/223136.jpg",
    "price": 3,
    "quantity": 0.175,
    "unitPrice": 17.1
  },
  {
    "name": "Masterfoods Teriyaki Chicken Stir Fry Recipe Base",
    "url": "https://www.woolworths.com.au/shop/productdetails/182267",
    "img": "https://cdn0.woolworths.media/content/wowproductimages/medium/182267.jpg",
    "price": 3,
    "quantity": 0.175,
    "unitPrice": 17.1
  },
  {
    "name": "Masterfoods Beef Stroganoff Recipe Base",
    "url": "https://www.woolworths.com.au/shop/productdetails/182271",
    "img": "https://cdn0.woolworths.media/content/wowproductimages/medium/182271.jpg",
    "price": 3,
    "quantity": 0.175,
    "unitPrice": 17.1
  },
  {
    "name": "Masterfoods Curried Sausages Recipe Base",
    "url": "https://www.woolworths.com.au/shop/productdetails/186446",
    "img": "https://cdn0.woolworths.media/content/wowproductimages/medium/186446.jpg",
    "price": 3,
    "quantity": 0.175,
    "unitPrice": 17.1
  },
  {
    "name": "Masterfoods Chinese Beef Stir Fry Recipe Base",
    "url": "https://www.woolworths.com.au/shop/productdetails/172092",
    "img": "https://cdn0.woolworths.media/content/wowproductimages/medium/172092.jpg",
    "price": 3,
    "quantity": 0.175,
    "unitPrice": 17.1
  },
  {
    "name": "Masterfoods Honey, Garlic & Soy Stir Fry Recipe Base",
    "url": "https://www.woolworths.com.au/shop/productdetails/375114",
    "img": "https://cdn0.woolworths.media/content/wowproductimages/medium/375114.jpg",
    "price": 3,
    "quantity": 0.175,
    "unitPrice": 17.1
  },
  {
    "name": "Masterfoods Stir Fry Recipe Base Creamy Thai Chicken",
    "url": "https://www.woolworths.com.au/shop/productdetails/172100",
    "img": "https://cdn0.woolworths.media/content/wowproductimages/medium/172100.jpg",
    "price": 3,
    "quantity": 0.175,
    "unitPrice": 17.1
  },
  {
    "name": "Masterfoods Honey Mustard Chicken Recipe Base",
    "url": "https://www.woolworths.com.au/shop/productdetails/186442",
    "img": "https://cdn0.woolworths.media/content/wowproductimages/medium/186442.jpg",
    "price": 3,
    "quantity": 0.175,
    "unitPrice": 17.1
  },
  {
    "name": "Masterfoods Butter Chicken Recipe Base",
    "url": "https://www.woolworths.com.au/shop/productdetails/785142",
    "img": "https://cdn0.woolworths.media/content/wowproductimages/medium/785142.jpg",
    "price": 3,
    "quantity": 0.175,
    "unitPrice": 17.1
  },
  {
    "name": "Masterfoods Satay Chicken Stir Fry Recipe Base",
    "url": "https://www.woolworths.com.au/shop/productdetails/345635",
    "img": "https://cdn0.woolworths.media/content/wowproductimages/medium/345635.jpg",
    "price": 3,
    "quantity": 0.175,
    "unitPrice": 17.1
  },
  {
    "name": "Masterfoods Devilled Sausages Recipe Base",
    "url": "https://www.woolworths.com.au/shop/productdetails/345633",
    "img": "https://cdn0.woolworths.media/content/wowproductimages/medium/345633.jpg",
    "price": 3,
    "quantity": 0.175,
    "unitPrice": 17.1
  },
  {
    "name": "Masterfoods Creamy Herb Garlic Potato Bake",
    "url": "https://www.woolworths.com.au/shop/productdetails/297224",
    "img": "https://cdn0.woolworths.media/content/wowproductimages/medium/297224.jpg",
    "price": 3,
    "quantity": 0.175,
    "unitPrice": 17.1
  },
  {
    "name": "Masterfoods Savoury Mince Recipe Base",
    "url": "https://www.woolworths.com.au/shop/productdetails/445340",
    "img": "https://cdn0.woolworths.media/content/wowproductimages/medium/445340.jpg",
    "price": 3,
    "quantity": 0.175,
    "unitPrice": 17.1
  },
  {
    "name": "Masterfoods Thai Green Curry Recipe Base",
    "url": "https://www.woolworths.com.au/shop/productdetails/733692",
    "img": "https://cdn0.woolworths.media/content/wowproductimages/medium/733692.jpg",
    "price": 3,
    "quantity": 0.175,
    "unitPrice": 17.1
  },
  {
    "name": "Masterfoods Beef & Red Wine Casserole Slow Cook Recipe Base",
    "url": "https://www.woolworths.com.au/shop/productdetails/323403",
    "img": "https://cdn0.woolworths.media/content/wowproductimages/medium/323403.jpg",
    "price": 3,
    "quantity": 0.175,
    "unitPrice": 17.1
  },
  {
    "name": "Masterfoods Mild Chicken Curry Slow Cook Recipe Base",
    "url": "https://www.woolworths.com.au/shop/productdetails/375118",
    "img": "https://cdn0.woolworths.media/content/wowproductimages/medium/375118.jpg",
    "price": 3,
    "quantity": 0.175,
    "unitPrice": 17.1
  },
  {
    "name": "Masterfoods Side Dish Creamy Cheesy Potato Bake",
    "url": "https://www.woolworths.com.au/shop/productdetails/323397",
    "img": "https://cdn0.woolworths.media/content/wowproductimages/medium/323397.jpg",
    "price": 3,
    "quantity": 0.175,
    "unitPrice": 17.1
  },
  {
    "name": "Masterfoods Country Beef Casserole Slow Cook Recipe Base",
    "url": "https://www.woolworths.com.au/shop/productdetails/297226",
    "img": "https://cdn0.woolworths.media/content/wowproductimages/medium/297226.jpg",
    "price": 3,
    "quantity": 0.175,
    "unitPrice": 17.1
  },
  {
    "name": "Masterfoods Garlic & Herb Lamb Shanks Slow Cook Recipe Base",
    "url": "https://www.woolworths.com.au/shop/productdetails/345636",
    "img": "https://cdn0.woolworths.media/content/wowproductimages/medium/345636.jpg",
    "price": 3,
    "quantity": 0.175,
    "unitPrice": 17.1
  },
  {
    "name": "Masterfoods Sausage Hot Pot Slow Cook Recipe Base",
    "url": "https://www.woolworths.com.au/shop/productdetails/323393",
    "img": "https://cdn0.woolworths.media/content/wowproductimages/medium/323393.jpg",
    "price": 3,
    "quantity": 0.175,
    "unitPrice": 17.1
  },
  {
    "name": "Masterfoods Chicken Casserole Slow Cook Recipe Base",
    "url": "https://www.woolworths.com.au/shop/productdetails/323391",
    "img": "https://cdn0.woolworths.media/content/wowproductimages/medium/323391.jpg",
    "price": 3,
    "quantity": 0.175,
    "unitPrice": 17.1
  },
  {
    "name": "Masterfoods Creamy Chicken & Mushroom Recipe Base",
    "url": "https://www.woolworths.com.au/shop/productdetails/169363",
    "img": "https://cdn0.woolworths.media/content/wowproductimages/medium/169363.jpg",
    "price": 3,
    "quantity": 0.175,
    "unitPrice": 17.1
  },
  {
    "name": "Masterfoods Lamb Casserole Slow Cook Recipe Base",
    "url": "https://www.woolworths.com.au/shop/productdetails/323394",
    "img": "https://cdn0.woolworths.media/content/wowproductimages/medium/323394.jpg",
    "price": 3,
    "quantity": 0.175,
    "unitPrice": 17.1
  },
  {
    "name": "Masterfoods Sweet Thai Style Chicken Noodles Recipe Base",
    "url": "https://www.woolworths.com.au/shop/productdetails/280876",
    "img": "https://cdn0.woolworths.media/content/wowproductimages/medium/280876.jpg",
    "price": 3,
    "quantity": 0.175,
    "unitPrice": 17.1
  },
  {
    "name": "Masterfoods Mediterranean Style Chicken Recipe Base",
    "url": "https://www.woolworths.com.au/shop/productdetails/281030",
    "img": "https://cdn0.woolworths.media/content/wowproductimages/medium/281030.jpg",
    "price": 3,
    "quantity": 0.175,
    "unitPrice": 17.1
  },
  {
    "name": "Lowan Yeast Dried Instant",
    "url": "https://www.woolworths.com.au/shop/productdetails/184917",
    "img": "https://cdn0.woolworths.media/content/wowproductimages/medium/184917.jpg",
    "price": 4.8,
    "quantity": 0.28,
    "unitPrice": 17.1
  },
  {
    "name": "Tempters Chilli Tuna Multipack 4x95g",
    "url": "https://www.coles.com.au/product/john-west-tempters-chilli-tuna-multipack-4x95g-380g-8085233",
    "img": "https://productimages.coles.com.au/productimages/8/8085233.jpg",
    "price": 6.5,
    "quantity": 0.38,
    "unitPrice": 17.11
  },
  {
    "name": "Tempters Lemon & Cracked Pepper Tuna Multipack 4x95g",
    "url": "https://www.coles.com.au/product/john-west-tempters-lemon-&-cracked-pepper-tuna-multipack-4x95g-380g-8085255",
    "img": "https://productimages.coles.com.au/productimages/8/8085255.jpg",
    "price": 6.5,
    "quantity": 0.38,
    "unitPrice": 17.11
  },
  {
    "name": "Tempters Tuna Springwater Multipack 4x95g",
    "url": "https://www.coles.com.au/product/john-west-tempters-tuna-springwater-multipack-4x95g-380g-8085266",
    "img": "https://productimages.coles.com.au/productimages/8/8085266.jpg",
    "price": 6.5,
    "quantity": 0.38,
    "unitPrice": 17.11
  },
  {
    "name": "Tempters Olive Oil Blend Tuna Multipack 4x95g ",
    "url": "https://www.coles.com.au/product/john-west-tempters-olive-oil-blend-tuna-multipack-4x95g--380g-8085288",
    "img": "https://productimages.coles.com.au/productimages/8/8085288.jpg",
    "price": 6.5,
    "quantity": 0.38,
    "unitPrice": 17.11
  },
  {
    "name": "Tempters Chilli Tuna Multipack 4x95g",
    "url": "https://www.coles.com.au/product/john-west-tempters-chilli-tuna-multipack-4x95g-380g-8085233",
    "img": "https://productimages.coles.com.au/productimages/8/8085233.jpg",
    "price": 6.5,
    "quantity": 0.38,
    "unitPrice": 17.11
  },
  {
    "name": "Tempters Lemon & Cracked Pepper Tuna Multipack 4x95g",
    "url": "https://www.coles.com.au/product/john-west-tempters-lemon-&-cracked-pepper-tuna-multipack-4x95g-380g-8085255",
    "img": "https://productimages.coles.com.au/productimages/8/8085255.jpg",
    "price": 6.5,
    "quantity": 0.38,
    "unitPrice": 17.11
  },
  {
    "name": "Tempters Tuna Springwater Multipack 4x95g",
    "url": "https://www.coles.com.au/product/john-west-tempters-tuna-springwater-multipack-4x95g-380g-8085266",
    "img": "https://productimages.coles.com.au/productimages/8/8085266.jpg",
    "price": 6.5,
    "quantity": 0.38,
    "unitPrice": 17.11
  },
  {
    "name": "Tempters Olive Oil Blend Tuna Multipack 4x95g ",
    "url": "https://www.coles.com.au/product/john-west-tempters-olive-oil-blend-tuna-multipack-4x95g--380g-8085288",
    "img": "https://productimages.coles.com.au/productimages/8/8085288.jpg",
    "price": 6.5,
    "quantity": 0.38,
    "unitPrice": 17.11
  },
  {
    "name": "Woolworths Almonds Natural",
    "url": "https://www.woolworths.com.au/shop/productdetails/726541",
    "img": "https://cdn0.woolworths.media/content/wowproductimages/medium/726541.jpg",
    "price": 7.7,
    "quantity": 0.45,
    "unitPrice": 17.11
  },
  {
    "name": "Natural Almonds Prepacked",
    "url": "https://www.coles.com.au/product/coles-natural-almonds-prepacked-350g-3017564",
    "img": "https://productimages.coles.com.au/productimages/3/3017564.jpg",
    "price": 6,
    "quantity": 0.35,
    "unitPrice": 17.14
  },
  {
    "name": "Instant Dried Yeast",
    "url": "https://www.coles.com.au/product/lowan-instant-dried-yeast-280g-9442391",
    "img": "https://productimages.coles.com.au/productimages/9/9442391.jpg",
    "price": 4.8,
    "quantity": 0.28,
    "unitPrice": 17.14
  },
  {
    "name": "Natural Almonds Prepacked",
    "url": "https://www.coles.com.au/product/coles-natural-almonds-prepacked-350g-3017564",
    "img": "https://productimages.coles.com.au/productimages/3/3017564.jpg",
    "price": 6,
    "quantity": 0.35,
    "unitPrice": 17.14
  },
  {
    "name": "Instant Dried Yeast",
    "url": "https://www.coles.com.au/product/lowan-instant-dried-yeast-280g-9442391",
    "img": "https://productimages.coles.com.au/productimages/9/9442391.jpg",
    "price": 4.8,
    "quantity": 0.28,
    "unitPrice": 17.14
  },
  {
    "name": "Instant Mashed Plain Potato",
    "url": "https://www.coles.com.au/product/deb-instant-mashed-plain-potato-350g-132635",
    "img": "https://productimages.coles.com.au/productimages/1/132635.jpg",
    "price": 6,
    "quantity": 0.35,
    "unitPrice": 17.14
  },
  {
    "name": "Snack Time Chick Peas Olive Oil Garlic & Rosemary",
    "url": "https://www.coles.com.au/product/edgell-snack-time-chick-peas-olive-oil-garlic-&-rosemary-70g-3592573",
    "img": "https://productimages.coles.com.au/productimages/3/3592573.jpg",
    "price": 1.2,
    "quantity": 0.07,
    "unitPrice": 17.14
  },
  {
    "name": "Snack Time Chick Peas With Olive Oil & Seaslt",
    "url": "https://www.coles.com.au/product/edgell-snack-time-chick-peas-with-olive-oil-&-seaslt-70g-3592824",
    "img": "https://productimages.coles.com.au/productimages/3/3592824.jpg",
    "price": 1.2,
    "quantity": 0.07,
    "unitPrice": 17.14
  },
  {
    "name": "Snack Time Chick Peas With Zesty Vinaigrette",
    "url": "https://www.coles.com.au/product/edgell-snack-time-chick-peas-with-zesty-vinaigrette-70g-3592835",
    "img": "https://productimages.coles.com.au/productimages/3/3592835.jpg",
    "price": 1.2,
    "quantity": 0.07,
    "unitPrice": 17.14
  },
  {
    "name": "Snack Time Red Kidney Beans With Chilli & Olive Oil",
    "url": "https://www.coles.com.au/product/edgell-snack-time-red-kidney-beans-with-chilli-&-olive-oil-70g-3592879",
    "img": "https://productimages.coles.com.au/productimages/3/3592879.jpg",
    "price": 1.2,
    "quantity": 0.07,
    "unitPrice": 17.14
  },
  {
    "name": "Snack Time Chargrilled Corn- Black Beans With Lime & Herbs",
    "url": "https://www.coles.com.au/product/edgell-snack-time-chargrilled-corn--black-beans-with-lime-&-herbs-70g-3884058",
    "img": "https://productimages.coles.com.au/productimages/3/3884058.jpg",
    "price": 1.2,
    "quantity": 0.07,
    "unitPrice": 17.14
  },
  {
    "name": "Snack Time Chickpeas With Ginger Lime & Chilli",
    "url": "https://www.coles.com.au/product/edgell-snack-time-chickpeas-with-ginger-lime-&-chilli-70g-5071436",
    "img": "https://productimages.coles.com.au/productimages/5/5071436.jpg",
    "price": 1.2,
    "quantity": 0.07,
    "unitPrice": 17.14
  },
  {
    "name": "Snack Time Black Beans Capsicum & Charred Corn With Zesty Salsa",
    "url": "https://www.coles.com.au/product/edgell-snack-time-black-beans-capsicum-&-charred-corn-with-zesty-salsa-70g-5071447",
    "img": "https://productimages.coles.com.au/productimages/5/5071447.jpg",
    "price": 1.2,
    "quantity": 0.07,
    "unitPrice": 17.14
  },
  {
    "name": "Snack Time Sweet Corn With Charred Capsicum & Lime",
    "url": "https://www.coles.com.au/product/edgell-snack-time-sweet-corn-with-charred-capsicum-&-lime-70g-6310907",
    "img": "https://productimages.coles.com.au/productimages/6/6310907.jpg",
    "price": 1.2,
    "quantity": 0.07,
    "unitPrice": 17.14
  },
  {
    "name": "Snack Time Chickpeas With Lemon Tahini & Garlic",
    "url": "https://www.coles.com.au/product/edgell-snack-time-chickpeas-with-lemon-tahini-&-garlic-70g-6310918",
    "img": "https://productimages.coles.com.au/productimages/6/6310918.jpg",
    "price": 1.2,
    "quantity": 0.07,
    "unitPrice": 17.14
  },
  {
    "name": "Snack Time Chickpeas With Fiery Moroccan Spices",
    "url": "https://www.coles.com.au/product/edgell-snack-time-chickpeas-with-fiery-moroccan-spices-70g-6311036",
    "img": "https://productimages.coles.com.au/productimages/6/6311036.jpg",
    "price": 1.2,
    "quantity": 0.07,
    "unitPrice": 17.14
  },
  {
    "name": "Instant Mashed Plain Potato",
    "url": "https://www.coles.com.au/product/deb-instant-mashed-plain-potato-350g-132635",
    "img": "https://productimages.coles.com.au/productimages/1/132635.jpg",
    "price": 6,
    "quantity": 0.35,
    "unitPrice": 17.14
  },
  {
    "name": "Snack Time Chick Peas Olive Oil Garlic & Rosemary",
    "url": "https://www.coles.com.au/product/edgell-snack-time-chick-peas-olive-oil-garlic-&-rosemary-70g-3592573",
    "img": "https://productimages.coles.com.au/productimages/3/3592573.jpg",
    "price": 1.2,
    "quantity": 0.07,
    "unitPrice": 17.14
  },
  {
    "name": "Snack Time Chick Peas With Olive Oil & Seaslt",
    "url": "https://www.coles.com.au/product/edgell-snack-time-chick-peas-with-olive-oil-&-seaslt-70g-3592824",
    "img": "https://productimages.coles.com.au/productimages/3/3592824.jpg",
    "price": 1.2,
    "quantity": 0.07,
    "unitPrice": 17.14
  },
  {
    "name": "Snack Time Chick Peas With Zesty Vinaigrette",
    "url": "https://www.coles.com.au/product/edgell-snack-time-chick-peas-with-zesty-vinaigrette-70g-3592835",
    "img": "https://productimages.coles.com.au/productimages/3/3592835.jpg",
    "price": 1.2,
    "quantity": 0.07,
    "unitPrice": 17.14
  },
  {
    "name": "Snack Time Red Kidney Beans With Chilli & Olive Oil",
    "url": "https://www.coles.com.au/product/edgell-snack-time-red-kidney-beans-with-chilli-&-olive-oil-70g-3592879",
    "img": "https://productimages.coles.com.au/productimages/3/3592879.jpg",
    "price": 1.2,
    "quantity": 0.07,
    "unitPrice": 17.14
  },
  {
    "name": "Snack Time Chargrilled Corn- Black Beans With Lime & Herbs",
    "url": "https://www.coles.com.au/product/edgell-snack-time-chargrilled-corn--black-beans-with-lime-&-herbs-70g-3884058",
    "img": "https://productimages.coles.com.au/productimages/3/3884058.jpg",
    "price": 1.2,
    "quantity": 0.07,
    "unitPrice": 17.14
  },
  {
    "name": "Snack Time Chickpeas With Ginger Lime & Chilli",
    "url": "https://www.coles.com.au/product/edgell-snack-time-chickpeas-with-ginger-lime-&-chilli-70g-5071436",
    "img": "https://productimages.coles.com.au/productimages/5/5071436.jpg",
    "price": 1.2,
    "quantity": 0.07,
    "unitPrice": 17.14
  },
  {
    "name": "Snack Time Black Beans Capsicum & Charred Corn With Zesty Salsa",
    "url": "https://www.coles.com.au/product/edgell-snack-time-black-beans-capsicum-&-charred-corn-with-zesty-salsa-70g-5071447",
    "img": "https://productimages.coles.com.au/productimages/5/5071447.jpg",
    "price": 1.2,
    "quantity": 0.07,
    "unitPrice": 17.14
  },
  {
    "name": "Snack Time Sweet Corn With Charred Capsicum & Lime",
    "url": "https://www.coles.com.au/product/edgell-snack-time-sweet-corn-with-charred-capsicum-&-lime-70g-6310907",
    "img": "https://productimages.coles.com.au/productimages/6/6310907.jpg",
    "price": 1.2,
    "quantity": 0.07,
    "unitPrice": 17.14
  },
  {
    "name": "Snack Time Chickpeas With Lemon Tahini & Garlic",
    "url": "https://www.coles.com.au/product/edgell-snack-time-chickpeas-with-lemon-tahini-&-garlic-70g-6310918",
    "img": "https://productimages.coles.com.au/productimages/6/6310918.jpg",
    "price": 1.2,
    "quantity": 0.07,
    "unitPrice": 17.14
  },
  {
    "name": "Snack Time Chickpeas With Fiery Moroccan Spices",
    "url": "https://www.coles.com.au/product/edgell-snack-time-chickpeas-with-fiery-moroccan-spices-70g-6311036",
    "img": "https://productimages.coles.com.au/productimages/6/6311036.jpg",
    "price": 1.2,
    "quantity": 0.07,
    "unitPrice": 17.14
  },
  {
    "name": "Family Classic Chicken & Pork Thai Curry Meatballs",
    "url": "https://www.coles.com.au/product/coles-family-classic-chicken-&-pork-thai-curry-meatballs-700g-6413637",
    "img": "https://productimages.coles.com.au/productimages/6/6413637.jpg",
    "price": 12,
    "quantity": 0.7,
    "unitPrice": 17.14
  },
  {
    "name": "Family Classics Beef Tomato Bake With Parmesan Crust",
    "url": "https://www.coles.com.au/product/coles-family-classics-beef-tomato-bake-with-parmesan-crust-700g-6413692",
    "img": "https://productimages.coles.com.au/productimages/6/6413692.jpg",
    "price": 12,
    "quantity": 0.7,
    "unitPrice": 17.14
  },
  {
    "name": "Family Classic Chicken & Pork Thai Curry Meatballs",
    "url": "https://www.coles.com.au/product/coles-family-classic-chicken-&-pork-thai-curry-meatballs-700g-6413637",
    "img": "https://productimages.coles.com.au/productimages/6/6413637.jpg",
    "price": 12,
    "quantity": 0.7,
    "unitPrice": 17.14
  },
  {
    "name": "Family Classics Beef Tomato Bake With Parmesan Crust",
    "url": "https://www.coles.com.au/product/coles-family-classics-beef-tomato-bake-with-parmesan-crust-700g-6413692",
    "img": "https://productimages.coles.com.au/productimages/6/6413692.jpg",
    "price": 12,
    "quantity": 0.7,
    "unitPrice": 17.14
  },
  {
    "name": "Continental Deb Instant Mashed Potato",
    "url": "https://www.woolworths.com.au/shop/productdetails/34118",
    "img": "https://cdn0.woolworths.media/content/wowproductimages/medium/034118.jpg",
    "price": 6,
    "quantity": 0.35,
    "unitPrice": 17.14
  },
  {
    "name": "Continental Deb Instant Mashed Potato",
    "url": "https://www.woolworths.com.au/shop/productdetails/34118",
    "img": "https://cdn0.woolworths.media/content/wowproductimages/medium/034118.jpg",
    "price": 6,
    "quantity": 0.35,
    "unitPrice": 17.14
  },
  {
    "name": "Kitchen Beetslaw Salad Kit",
    "url": "https://www.coles.com.au/product/coles-kitchen-beetslaw-salad-kit-320g-3869699",
    "img": "https://productimages.coles.com.au/productimages/3/3869699.jpg",
    "price": 5.5,
    "quantity": 0.32,
    "unitPrice": 17.19
  },
  {
    "name": "Grilled Eggplant Sliced",
    "url": "https://www.coles.com.au/product/always-fresh-grilled-eggplant-sliced-320g-2747608",
    "img": "https://productimages.coles.com.au/productimages/2/2747608.jpg",
    "price": 5.5,
    "quantity": 0.32,
    "unitPrice": 17.19
  },
  {
    "name": "Butter Crackers",
    "url": "https://www.coles.com.au/product/julies-butter-crackers-250g-2496891",
    "img": "https://productimages.coles.com.au/productimages/2/2496891.jpg",
    "price": 4.3,
    "quantity": 0.25,
    "unitPrice": 17.2
  },
  {
    "name": "Delhi Biryani",
    "url": "https://www.coles.com.au/product/the-spice-tailor-delhi-biryani-360g-3760463",
    "img": "https://productimages.coles.com.au/productimages/3/3760463.jpg",
    "price": 6.2,
    "quantity": 0.36,
    "unitPrice": 17.2
  },
  {
    "name": "Malabar Biryani",
    "url": "https://www.coles.com.au/product/the-spice-tailor-malabar-biryani-360g-3760496",
    "img": "https://productimages.coles.com.au/productimages/3/3760496.jpg",
    "price": 6.2,
    "quantity": 0.36,
    "unitPrice": 17.2
  },
  {
    "name": "Korma Curry Paste Mild",
    "url": "https://www.coles.com.au/product/patak's-korma-curry-paste-mild-290g-5666513",
    "img": "https://productimages.coles.com.au/productimages/5/5666513.jpg",
    "price": 5,
    "quantity": 0.29,
    "unitPrice": 17.2
  },
  {
    "name": "Marmite Yeast Extract Spread",
    "url": "https://www.coles.com.au/product/sanitarium-marmite-yeast-extract-spread-250g-5090521",
    "img": "https://productimages.coles.com.au/productimages/5/5090521.jpg",
    "price": 4.3,
    "quantity": 0.25,
    "unitPrice": 17.2
  },
  {
    "name": "Pure Honey",
    "url": "https://www.coles.com.au/product/capilano-pure-honey-500g-313367",
    "img": "https://productimages.coles.com.au/productimages/3/313367.jpg",
    "price": 8.6,
    "quantity": 0.5,
    "unitPrice": 17.2
  },
  {
    "name": "Mini Chicken Kiev",
    "url": "https://www.coles.com.au/product/coles-mini-chicken-kiev-320g-3311029",
    "img": "https://productimages.coles.com.au/productimages/3/3311029.jpg",
    "price": 5.5,
    "quantity": 0.32,
    "unitPrice": 17.2
  },
  {
    "name": "Gluten Free Dough Ball",
    "url": "https://www.coles.com.au/product/senza-gluten-free-dough-ball-320g-6617488",
    "img": "https://productimages.coles.com.au/productimages/6/6617488.jpg",
    "price": 5.5,
    "quantity": 0.32,
    "unitPrice": 17.2
  },
  {
    "name": "Woolworths Australian Butter Unsalted",
    "url": "https://www.woolworths.com.au/shop/productdetails/68977",
    "img": "https://cdn0.woolworths.media/content/wowproductimages/medium/068977.jpg",
    "price": 4.3,
    "quantity": 0.25,
    "unitPrice": 17.2
  },
  {
    "name": "Woolworths Australian Butter Salted",
    "url": "https://www.woolworths.com.au/shop/productdetails/68978",
    "img": "https://cdn0.woolworths.media/content/wowproductimages/medium/068978.jpg",
    "price": 4.3,
    "quantity": 0.25,
    "unitPrice": 17.2
  },
  {
    "name": "Carman's Honey, Vanilla & Cinnamon Gourmet Porridge Sachets",
    "url": "https://www.woolworths.com.au/shop/productdetails/435300",
    "img": "https://cdn0.woolworths.media/content/wowproductimages/medium/435300.jpg",
    "price": 5.5,
    "quantity": 0.32,
    "unitPrice": 17.2
  },
  {
    "name": "Carman's Gourmet Porridge Sachets Apple Sultana & Cinnamon",
    "url": "https://www.woolworths.com.au/shop/productdetails/608601",
    "img": "https://cdn0.woolworths.media/content/wowproductimages/medium/608601.jpg",
    "price": 5.5,
    "quantity": 0.32,
    "unitPrice": 17.2
  },
  {
    "name": "Carman's No Added Sugar Porridge Sachets Raspberry & Vanilla",
    "url": "https://www.woolworths.com.au/shop/productdetails/208938",
    "img": "https://cdn0.woolworths.media/content/wowproductimages/medium/208938.jpg",
    "price": 5.5,
    "quantity": 0.32,
    "unitPrice": 17.2
  },
  {
    "name": "Carman's Porridge Almond Pecan Hazelnut",
    "url": "https://www.woolworths.com.au/shop/productdetails/687777",
    "img": "https://cdn0.woolworths.media/content/wowproductimages/medium/687777.jpg",
    "price": 5.5,
    "quantity": 0.32,
    "unitPrice": 17.2
  },
  {
    "name": "Carman's Super Berry & Coconut Gourmet Porridge Sachets",
    "url": "https://www.woolworths.com.au/shop/productdetails/435310",
    "img": "https://cdn0.woolworths.media/content/wowproductimages/medium/435310.jpg",
    "price": 5.5,
    "quantity": 0.32,
    "unitPrice": 17.2
  },
  {
    "name": "Carman's Porridge 5 Grain Superseed",
    "url": "https://www.woolworths.com.au/shop/productdetails/687790",
    "img": "https://cdn0.woolworths.media/content/wowproductimages/medium/687790.jpg",
    "price": 5.5,
    "quantity": 0.32,
    "unitPrice": 17.2
  },
  {
    "name": "Capilano 100% Pure Australian Honey Squeeze",
    "url": "https://www.woolworths.com.au/shop/productdetails/262206",
    "img": "https://cdn0.woolworths.media/content/wowproductimages/medium/262206.jpg",
    "price": 8.6,
    "quantity": 0.5,
    "unitPrice": 17.2
  },
  {
    "name": "Sanitarium Marmite Spread",
    "url": "https://www.woolworths.com.au/shop/productdetails/79628",
    "img": "https://cdn0.woolworths.media/content/wowproductimages/medium/079628.jpg",
    "price": 4.3,
    "quantity": 0.25,
    "unitPrice": 17.2
  },
  {
    "name": "Capilano 100% Pure Australian Honey Jar",
    "url": "https://www.woolworths.com.au/shop/productdetails/33642",
    "img": "https://cdn0.woolworths.media/content/wowproductimages/medium/033642.jpg",
    "price": 8.6,
    "quantity": 0.5,
    "unitPrice": 17.2
  },
  {
    "name": "Lea & Perrins Worcestershire Sauce",
    "url": "https://www.woolworths.com.au/shop/productdetails/252148",
    "img": "https://cdn0.woolworths.media/content/wowproductimages/medium/252148.jpg",
    "price": 5,
    "quantity": 0.29,
    "unitPrice": 17.2
  },
  {
    "name": "Lee Kum Kee Gluten Free Soy Sauce Soy Sauce",
    "url": "https://www.woolworths.com.au/shop/productdetails/862908",
    "img": "https://cdn0.woolworths.media/content/wowproductimages/medium/862908.jpg",
    "price": 4.3,
    "quantity": 0.25,
    "unitPrice": 17.2
  },
  {
    "name": "Nestle Bakers' Choice Milk Choc Melts",
    "url": "https://www.woolworths.com.au/shop/productdetails/490001",
    "img": "https://cdn0.woolworths.media/content/wowproductimages/medium/490001.jpg",
    "price": 5,
    "quantity": 0.29,
    "unitPrice": 17.2
  },
  {
    "name": "Nestle Bakers' Choice White Choc Melts",
    "url": "https://www.woolworths.com.au/shop/productdetails/490010",
    "img": "https://cdn0.woolworths.media/content/wowproductimages/medium/490010.jpg",
    "price": 5,
    "quantity": 0.29,
    "unitPrice": 17.2
  },
  {
    "name": "Nestle Bakers' Choice Dark Choc Melts",
    "url": "https://www.woolworths.com.au/shop/productdetails/489888",
    "img": "https://cdn0.woolworths.media/content/wowproductimages/medium/489888.jpg",
    "price": 5,
    "quantity": 0.29,
    "unitPrice": 17.2
  },
  {
    "name": "White Seedless Grapes Prepacked",
    "url": "https://www.coles.com.au/product/coles-white-seedless-grapes-prepacked-400g-1617356",
    "img": "https://productimages.coles.com.au/productimages/1/1617356.jpg",
    "price": 6.9,
    "quantity": 0.4,
    "unitPrice": 17.25
  },
  {
    "name": "Brisling Sardines In Springwater",
    "url": "https://www.coles.com.au/product/safcol-brisling-sardines-in-springwater-110g-2508276",
    "img": "https://productimages.coles.com.au/productimages/2/2508276.jpg",
    "price": 1.9,
    "quantity": 0.11,
    "unitPrice": 17.27
  },
  {
    "name": "Brisling Sardines In Oil",
    "url": "https://www.coles.com.au/product/safcol-brisling-sardines-in-oil-110g-2508287",
    "img": "https://productimages.coles.com.au/productimages/2/2508287.jpg",
    "price": 1.9,
    "quantity": 0.11,
    "unitPrice": 17.27
  },
  {
    "name": "Brisling Sardines In Springwater",
    "url": "https://www.coles.com.au/product/safcol-brisling-sardines-in-springwater-110g-2508276",
    "img": "https://productimages.coles.com.au/productimages/2/2508276.jpg",
    "price": 1.9,
    "quantity": 0.11,
    "unitPrice": 17.27
  },
  {
    "name": "Brisling Sardines In Oil",
    "url": "https://www.coles.com.au/product/safcol-brisling-sardines-in-oil-110g-2508287",
    "img": "https://productimages.coles.com.au/productimages/2/2508287.jpg",
    "price": 1.9,
    "quantity": 0.11,
    "unitPrice": 17.27
  },
  {
    "name": "Kalamata Olives Whole",
    "url": "https://www.coles.com.au/product/always-fresh-kalamata-olives-whole-440g-2747947",
    "img": "https://productimages.coles.com.au/productimages/2/2747947.jpg",
    "price": 7.6,
    "quantity": 0.44,
    "unitPrice": 17.27
  },
  {
    "name": "Safcol Sardines In Springwater",
    "url": "https://www.woolworths.com.au/shop/productdetails/803409",
    "img": "https://cdn0.woolworths.media/content/wowproductimages/medium/803409.jpg",
    "price": 1.9,
    "quantity": 0.11,
    "unitPrice": 17.27
  },
  {
    "name": "Safcol Sardines In Oil",
    "url": "https://www.woolworths.com.au/shop/productdetails/803728",
    "img": "https://cdn0.woolworths.media/content/wowproductimages/medium/803728.jpg",
    "price": 1.9,
    "quantity": 0.11,
    "unitPrice": 17.27
  },
  {
    "name": "Safcol Delicatessen Brisling Sardines In Hot Sauce Tin",
    "url": "https://www.woolworths.com.au/shop/productdetails/305126",
    "img": "https://cdn0.woolworths.media/content/wowproductimages/medium/305126.jpg",
    "price": 1.9,
    "quantity": 0.11,
    "unitPrice": 17.27
  },
  {
    "name": "Natural Peanut Butter High Protein",
    "url": "https://www.coles.com.au/product/mayver's-natural-peanut-butter-high-protein-375g-2897371",
    "img": "https://productimages.coles.com.au/productimages/2/2897371.jpg",
    "price": 6.5,
    "quantity": 0.375,
    "unitPrice": 17.3
  },
  {
    "name": "Protein Plus Natural Peanut Butter With Five Seeds",
    "url": "https://www.coles.com.au/product/mayvers-protein-plus-natural-peanut-butter-with-five-seeds-375g-3212399",
    "img": "https://productimages.coles.com.au/productimages/3/3212399.jpg",
    "price": 6.5,
    "quantity": 0.375,
    "unitPrice": 17.3
  },
  {
    "name": "Smooth Honey Peanut Butter",
    "url": "https://www.coles.com.au/product/mayvers-smooth-honey-peanut-butter-375g-7024164",
    "img": "https://productimages.coles.com.au/productimages/7/7024164.jpg",
    "price": 6.5,
    "quantity": 0.375,
    "unitPrice": 17.3
  },
  {
    "name": "Smooth Chocolate Protein+ Peanut Butter",
    "url": "https://www.coles.com.au/product/mayvers-smooth-chocolate-protein+-peanut-butter-375g-7024175",
    "img": "https://productimages.coles.com.au/productimages/7/7024175.jpg",
    "price": 6.5,
    "quantity": 0.375,
    "unitPrice": 17.3
  },
  {
    "name": "Oil Spray Extra Virgin",
    "url": "https://www.coles.com.au/product/prochef-oil-spray-extra-virgin-260g-4842199",
    "img": "https://productimages.coles.com.au/productimages/4/4842199.jpg",
    "price": 4.5,
    "quantity": 0.26,
    "unitPrice": 17.3
  },
  {
    "name": "Spinach & Fetta Quiche Party 12 Pack",
    "url": "https://www.coles.com.au/product/patties-spinach-&-fetta-quiche-party-12-pack-550g-6514441",
    "img": "https://productimages.coles.com.au/productimages/6/6514441.jpg",
    "price": 9.5,
    "quantity": 0.55,
    "unitPrice": 17.3
  },
  {
    "name": "Lorraine Quiche Party 12Pack",
    "url": "https://www.coles.com.au/product/patties-lorraine-quiche-party-12pack-550g-6514474",
    "img": "https://productimages.coles.com.au/productimages/6/6514474.jpg",
    "price": 9.5,
    "quantity": 0.55,
    "unitPrice": 17.3
  },
  {
    "name": "Frozen Cheese Macaroni",
    "url": "https://www.coles.com.au/product/on-the-menu-frozen-cheese-macaroni-260g-1167872",
    "img": "https://productimages.coles.com.au/productimages/1/1167872.jpg",
    "price": 4.5,
    "quantity": 0.26,
    "unitPrice": 17.3
  },
  {
    "name": "Frozen Beef Lasagne",
    "url": "https://www.coles.com.au/product/on-the-menu-frozen-beef-lasagne-260g-1167894",
    "img": "https://productimages.coles.com.au/productimages/1/1167894.jpg",
    "price": 4.5,
    "quantity": 0.26,
    "unitPrice": 17.3
  },
  {
    "name": "Cottage Pie",
    "url": "https://www.coles.com.au/product/on-the-menu-cottage-pie-260g-2315250",
    "img": "https://productimages.coles.com.au/productimages/2/2315250.jpg",
    "price": 4.5,
    "quantity": 0.26,
    "unitPrice": 17.3
  },
  {
    "name": "Frozen Pappardelle Ragu",
    "url": "https://www.coles.com.au/product/on-the-menu-frozen-pappardelle-ragu-260g-2742364",
    "img": "https://productimages.coles.com.au/productimages/2/2742364.jpg",
    "price": 4.5,
    "quantity": 0.26,
    "unitPrice": 17.3
  },
  {
    "name": "Chicken Fettucine",
    "url": "https://www.coles.com.au/product/on-the-menu-chicken-fettucine-260g-7040047",
    "img": "https://productimages.coles.com.au/productimages/7/7040047.jpg",
    "price": 4.5,
    "quantity": 0.26,
    "unitPrice": 17.3
  },
  {
    "name": "Gluten Free Frosty Fruits Watermelon Slice Ice Cream Stick 8 pack",
    "url": "https://www.coles.com.au/product/peters-gluten-free-frosty-fruits-watermelon-slice-ice-cream-stick-8-pack-520ml-3405734",
    "img": "https://productimages.coles.com.au/productimages/3/3405734.jpg",
    "price": 9,
    "quantity": 0.52,
    "unitPrice": 17.3
  },
  {
    "name": "Family Pizza Pepperoni",
    "url": "https://www.coles.com.au/product/mccain-family-pizza-pepperoni-490g-4655475",
    "img": "https://productimages.coles.com.au/productimages/4/4655475.jpg",
    "price": 8.5,
    "quantity": 0.49,
    "unitPrice": 17.3
  },
  {
    "name": "Woolworths Traditional Carrot Cake",
    "url": "https://www.woolworths.com.au/shop/productdetails/103358",
    "img": "https://cdn0.woolworths.media/content/wowproductimages/medium/103358.jpg",
    "price": 7.8,
    "quantity": 0.45,
    "unitPrice": 17.3
  },
  {
    "name": "Woolworths Rice Bran Oil Spray",
    "url": "https://www.woolworths.com.au/shop/productdetails/695460",
    "img": "https://cdn0.woolworths.media/content/wowproductimages/medium/695460.jpg",
    "price": 3.9,
    "quantity": 0.225,
    "unitPrice": 17.3
  },
  {
    "name": "Cobram Estate Extra Virgin Olive Oil",
    "url": "https://www.woolworths.com.au/shop/productdetails/260867",
    "img": "https://cdn0.woolworths.media/content/wowproductimages/medium/260867.jpg",
    "price": 52,
    "quantity": 3,
    "unitPrice": 17.3
  },
  {
    "name": "Woolworths Traditional Carrot Cake",
    "url": "https://www.woolworths.com.au/shop/productdetails/103358",
    "img": "https://cdn0.woolworths.media/content/wowproductimages/medium/103358.jpg",
    "price": 7.8,
    "quantity": 0.45,
    "unitPrice": 17.3
  },
  {
    "name": "Woolworths Plantitude Vegan Belgian Dark Chocolate Cake",
    "url": "https://www.woolworths.com.au/shop/productdetails/55050",
    "img": "https://cdn0.woolworths.media/content/wowproductimages/medium/055050.jpg",
    "price": 9.5,
    "quantity": 0.55,
    "unitPrice": 17.3
  },
  {
    "name": "Kellogg's Corn Flakes Breakfast Cereal",
    "url": "https://www.woolworths.com.au/shop/productdetails/701674",
    "img": "https://cdn0.woolworths.media/content/wowproductimages/medium/701674.jpg",
    "price": 3.8,
    "quantity": 0.22,
    "unitPrice": 17.3
  },
  {
    "name": "Mayver's Smunchy Protein Plus Peanut Butter",
    "url": "https://www.woolworths.com.au/shop/productdetails/679375",
    "img": "https://cdn0.woolworths.media/content/wowproductimages/medium/679375.jpg",
    "price": 6.5,
    "quantity": 0.375,
    "unitPrice": 17.3
  },
  {
    "name": "Mayvers Smooth Choc Protein Peanut Spread",
    "url": "https://www.woolworths.com.au/shop/productdetails/322722",
    "img": "https://cdn0.woolworths.media/content/wowproductimages/medium/322722.jpg",
    "price": 6.5,
    "quantity": 0.375,
    "unitPrice": 17.3
  },
  {
    "name": "Mayver's Smunchy Protein Plus 5 Seeds Peanut Butter",
    "url": "https://www.woolworths.com.au/shop/productdetails/679383",
    "img": "https://cdn0.woolworths.media/content/wowproductimages/medium/679383.jpg",
    "price": 6.5,
    "quantity": 0.375,
    "unitPrice": 17.3
  },
  {
    "name": "Mayvers Smooth Peanut Butter & Honey",
    "url": "https://www.woolworths.com.au/shop/productdetails/320521",
    "img": "https://cdn0.woolworths.media/content/wowproductimages/medium/320521.jpg",
    "price": 6.5,
    "quantity": 0.375,
    "unitPrice": 17.3
  },
  {
    "name": "Natural Almonds",
    "url": "https://www.coles.com.au/product/coles-natural-almonds-750g-5207232",
    "img": "https://productimages.coles.com.au/productimages/5/5207232.jpg",
    "price": 13,
    "quantity": 0.75,
    "unitPrice": 17.33
  },
  {
    "name": "Dry Roasted Almonds",
    "url": "https://www.coles.com.au/product/coles-dry-roasted-almonds-750g-5210598",
    "img": "https://productimages.coles.com.au/productimages/5/5210598.jpg",
    "price": 13,
    "quantity": 0.75,
    "unitPrice": 17.33
  },
  {
    "name": "Woolworths Tuna Pasta Sicilian",
    "url": "https://www.woolworths.com.au/shop/productdetails/66591",
    "img": "https://cdn0.woolworths.media/content/wowproductimages/medium/066591.jpg",
    "price": 2.95,
    "quantity": 0.17,
    "unitPrice": 17.35
  },
  {
    "name": "Pacific Brown Rice & Quinoa With Peri Peri Tuna",
    "url": "https://www.coles.com.au/product/coles-pacific-brown-rice-&-quinoa-with-peri-peri-tuna-190g-3544548",
    "img": "https://productimages.coles.com.au/productimages/3/3544548.jpg",
    "price": 3.3,
    "quantity": 0.19,
    "unitPrice": 17.37
  },
  {
    "name": "Pacific Brown Rice & Quinoa With Peri Peri Tuna",
    "url": "https://www.coles.com.au/product/coles-pacific-brown-rice-&-quinoa-with-peri-peri-tuna-190g-3544548",
    "img": "https://productimages.coles.com.au/productimages/3/3544548.jpg",
    "price": 3.3,
    "quantity": 0.19,
    "unitPrice": 17.37
  },
  {
    "name": "Reduced Fat Cream",
    "url": "https://www.coles.com.au/product/nestle-reduced-fat-cream-230ml-3964521",
    "img": "https://productimages.coles.com.au/productimages/3/3964521.jpg",
    "price": 4,
    "quantity": 0.23,
    "unitPrice": 17.39
  },
  {
    "name": "Capers Vinegar",
    "url": "https://www.coles.com.au/product/always-fresh-capers-vinegar-230g-6738835",
    "img": "https://productimages.coles.com.au/productimages/6/6738835.jpg",
    "price": 4,
    "quantity": 0.23,
    "unitPrice": 17.39
  },
  {
    "name": "Nestle Reduced Fat Uht Cream",
    "url": "https://www.woolworths.com.au/shop/productdetails/151706",
    "img": "https://cdn0.woolworths.media/content/wowproductimages/medium/151706.jpg",
    "price": 4,
    "quantity": 0.23,
    "unitPrice": 17.39
  },
  {
    "name": "Woolworths Classic Beef Sausage Roll",
    "url": "https://www.woolworths.com.au/shop/productdetails/250846",
    "img": "https://cdn0.woolworths.media/content/wowproductimages/medium/250846.jpg",
    "price": 8,
    "quantity": 0.46,
    "unitPrice": 17.39
  },
  {
    "name": "Woolworths Pork & Fennel Sausage Roll",
    "url": "https://www.woolworths.com.au/shop/productdetails/250897",
    "img": "https://cdn0.woolworths.media/content/wowproductimages/medium/250897.jpg",
    "price": 8,
    "quantity": 0.46,
    "unitPrice": 17.39
  },
  {
    "name": "Ombra Sunscreen SPF 50+",
    "url": "https://www.aldi.com.au/en/groceries/limited-time-only/limited-time-only-detail/ps/p/ombra-sunscreen-spf-50-500ml/",
    "img": "https://www.aldi.com.au/fileadmin/_processed_/1/5/csm_11562_DE_Q_01_1x1_0d1bea2048.png",
    "price": 8.69,
    "quantity": 0.5,
    "unitPrice": 17.4
  },
  {
    "name": "Ombra Sunscreen SPF 50+",
    "url": "https://www.aldi.com.au/en/groceries/limited-time-only/limited-time-only-detail/ps/p/ombra-sunscreen-spf-50-500ml/",
    "img": "https://www.aldi.com.au/fileadmin/_processed_/1/5/csm_11562_DE_Q_01_1x1_0d1bea2048.png",
    "price": 8.69,
    "quantity": 0.5,
    "unitPrice": 17.4
  },
  {
    "name": "Rustic Thin & Crispy Spinach Mozzarella",
    "url": "https://www.coles.com.au/product/mccain-rustic-thin-&-crispy-spinach-mozzarella-380g-6839490",
    "img": "https://productimages.coles.com.au/productimages/6/6839490.jpg",
    "price": 6.6,
    "quantity": 0.38,
    "unitPrice": 17.4
  },
  {
    "name": "Dairy Milk Ice Cream Vanilla",
    "url": "https://www.coles.com.au/product/cadbury-dairy-milk-ice-cream-vanilla-460ml-6143780",
    "img": "https://productimages.coles.com.au/productimages/6/6143780.jpg",
    "price": 8,
    "quantity": 0.46,
    "unitPrice": 17.4
  },
  {
    "name": "Dairy Milk Ice Cream Caramello",
    "url": "https://www.coles.com.au/product/cadbury-dairy-milk-ice-cream-caramello-460ml-6143791",
    "img": "https://productimages.coles.com.au/productimages/6/6143791.jpg",
    "price": 8,
    "quantity": 0.46,
    "unitPrice": 17.4
  },
  {
    "name": "Dairy Milk Ice Cream Caramilk",
    "url": "https://www.coles.com.au/product/cadbury-dairy-milk-ice-cream-caramilk-460ml-6143816",
    "img": "https://productimages.coles.com.au/productimages/6/6143816.jpg",
    "price": 8,
    "quantity": 0.46,
    "unitPrice": 17.4
  },
  {
    "name": "Chilli Milli Samosa",
    "url": "https://www.coles.com.au/product/sabrini-chilli-milli-samosa-660g-3641001",
    "img": "https://productimages.coles.com.au/productimages/3/3641001.jpg",
    "price": 11.5,
    "quantity": 0.66,
    "unitPrice": 17.4
  },
  {
    "name": "Just Caught Frozen Natural Squid Rings",
    "url": "https://www.woolworths.com.au/shop/productdetails/187172",
    "img": "https://cdn0.woolworths.media/content/wowproductimages/medium/187172.jpg",
    "price": 8.7,
    "quantity": 0.5,
    "unitPrice": 17.4
  },
  {
    "name": "Oak Chocolate Flavoured Milk",
    "url": "https://www.woolworths.com.au/shop/productdetails/878734",
    "img": "https://cdn0.woolworths.media/content/wowproductimages/medium/878734.jpg",
    "price": 4.35,
    "quantity": 0.25,
    "unitPrice": 17.4
  },
  {
    "name": "Continental Classics Fried Rice Oriental",
    "url": "https://www.woolworths.com.au/shop/productdetails/62965",
    "img": "https://cdn0.woolworths.media/content/wowproductimages/medium/062965.jpg",
    "price": 2,
    "quantity": 0.115,
    "unitPrice": 17.4
  },
  {
    "name": "Natvia Sugar Fix'd Natural Sweetener",
    "url": "https://www.woolworths.com.au/shop/productdetails/285078",
    "img": "https://cdn0.woolworths.media/content/wowproductimages/medium/285078.jpg",
    "price": 11.5,
    "quantity": 0.66,
    "unitPrice": 17.4
  },
  {
    "name": "Betty Crocker Vanilla Gluten Free Cupcake Mix",
    "url": "https://www.woolworths.com.au/shop/productdetails/474367",
    "img": "https://cdn0.woolworths.media/content/wowproductimages/medium/474367.jpg",
    "price": 8,
    "quantity": 0.46,
    "unitPrice": 17.4
  },
  {
    "name": "Kitchen Thai Style Salad Kit",
    "url": "https://www.coles.com.au/product/coles-kitchen-thai-style-salad-kit-315g-5528586",
    "img": "https://productimages.coles.com.au/productimages/5/5528586.jpg",
    "price": 5.5,
    "quantity": 0.315,
    "unitPrice": 17.46
  },
  {
    "name": "Blackstone Gourmet Snack Co. Black Edition Deli Style Chips",
    "url": "https://www.aldi.com.au/en/groceries/limited-time-only/limited-time-only-detail/ps/p/blackstone-gourmet-snack-co-black-edition-deli-sty/",
    "img": "https://www.aldi.com.au/fileadmin/_processed_/6/4/csm_713073_DE_Q_01_1x1_5d048f697b.png",
    "price": 3.49,
    "quantity": 0.2,
    "unitPrice": 17.5
  },
  {
    "name": "Blackstone Gourmet Snack Co. Black Edition Deli Style Chips",
    "url": "https://www.aldi.com.au/en/groceries/limited-time-only/limited-time-only-detail/ps/p/blackstone-gourmet-snack-co-black-edition-deli-sty/",
    "img": "https://www.aldi.com.au/fileadmin/_processed_/6/4/csm_713073_DE_Q_01_1x1_5d048f697b.png",
    "price": 3.49,
    "quantity": 0.2,
    "unitPrice": 17.5
  },
  {
    "name": "Perino Gold Tomatoes Prepacked",
    "url": "https://www.coles.com.au/product/coles-perino-gold-tomatoes-prepacked-200g-1883000",
    "img": "https://productimages.coles.com.au/productimages/1/1883000.jpg",
    "price": 3.5,
    "quantity": 0.2,
    "unitPrice": 17.5
  },
  {
    "name": "Snacking Carrots",
    "url": "https://www.coles.com.au/product/coles-snacking-carrots-200g-3931170",
    "img": "https://productimages.coles.com.au/productimages/3/3931170.jpg",
    "price": 3.5,
    "quantity": 0.2,
    "unitPrice": 17.5
  },
  {
    "name": "Medley Perino Tomatoes",
    "url": "https://www.coles.com.au/product/fresh-medley-perino-tomatoes-200g-5081338",
    "img": "https://productimages.coles.com.au/productimages/5/5081338.jpg",
    "price": 3.5,
    "quantity": 0.2,
    "unitPrice": 17.5
  },
  {
    "name": "Grape Perino Tomatoes Prepacked",
    "url": "https://www.coles.com.au/product/coles-grape-perino-tomatoes-prepacked-200g-7265535",
    "img": "https://productimages.coles.com.au/productimages/7/7265535.jpg",
    "price": 3.5,
    "quantity": 0.2,
    "unitPrice": 17.5
  },
  {
    "name": "Natural Californian Walnut",
    "url": "https://www.coles.com.au/product/coles-natural-californian-walnut-400g-2123330",
    "img": "https://productimages.coles.com.au/productimages/2/2123330.jpg",
    "price": 7,
    "quantity": 0.4,
    "unitPrice": 17.5
  },
  {
    "name": "Dry Roasted Almonds",
    "url": "https://www.coles.com.au/product/coles-dry-roasted-almonds-400g-2123395",
    "img": "https://productimages.coles.com.au/productimages/2/2123395.jpg",
    "price": 7,
    "quantity": 0.4,
    "unitPrice": 17.5
  },
  {
    "name": "Natural Almonds",
    "url": "https://www.coles.com.au/product/coles-natural-almonds-400g-2123599",
    "img": "https://productimages.coles.com.au/productimages/2/2123599.jpg",
    "price": 7,
    "quantity": 0.4,
    "unitPrice": 17.5
  },
  {
    "name": "Crunchy Party Mix",
    "url": "https://www.coles.com.au/product/market-lane-crunchy-party-mix-400g-5526682",
    "img": "https://productimages.coles.com.au/productimages/5/5526682.jpg",
    "price": 7,
    "quantity": 0.4,
    "unitPrice": 17.5
  },
  {
    "name": "Honey Ham Sliced Quad Pack",
    "url": "https://www.coles.com.au/product/thomson's-deli-honey-ham-sliced-quad-pack-400g-2260465",
    "img": "https://productimages.coles.com.au/productimages/2/2260465.jpg",
    "price": 7,
    "quantity": 0.4,
    "unitPrice": 17.5
  },
  {
    "name": "English Style Ham Quad Pack",
    "url": "https://www.coles.com.au/product/thomson's-deli-english-style-ham-quad-pack-400g-2260476",
    "img": "https://productimages.coles.com.au/productimages/2/2260476.jpg",
    "price": 7,
    "quantity": 0.4,
    "unitPrice": 17.5
  },
  {
    "name": "Honey Ham Sliced Quad Pack",
    "url": "https://www.coles.com.au/product/thomson's-deli-honey-ham-sliced-quad-pack-400g-2260465",
    "img": "https://productimages.coles.com.au/productimages/2/2260465.jpg",
    "price": 7,
    "quantity": 0.4,
    "unitPrice": 17.5
  },
  {
    "name": "English Style Ham Quad Pack",
    "url": "https://www.coles.com.au/product/thomson's-deli-english-style-ham-quad-pack-400g-2260476",
    "img": "https://productimages.coles.com.au/productimages/2/2260476.jpg",
    "price": 7,
    "quantity": 0.4,
    "unitPrice": 17.5
  },
  {
    "name": "La Pasta Chicken Curry Flavour Pasta & Sauce",
    "url": "https://www.coles.com.au/product/san-remo-la-pasta-chicken-curry-flavour-pasta-&-sauce-80g-3221505",
    "img": "https://productimages.coles.com.au/productimages/3/3221505.jpg",
    "price": 1.4,
    "quantity": 0.08,
    "unitPrice": 17.5
  },
  {
    "name": "La Pasta Single Snack Alfredo Pasta & Sauce",
    "url": "https://www.coles.com.au/product/san-remo-la-pasta-single-snack-alfredo-pasta-&-sauce-80g-5177244",
    "img": "https://productimages.coles.com.au/productimages/5/5177244.jpg",
    "price": 1.4,
    "quantity": 0.08,
    "unitPrice": 17.5
  },
  {
    "name": "La Pasta Single Snack Carbonara Pasta & Sauce",
    "url": "https://www.coles.com.au/product/san-remo-la-pasta-single-snack-carbonara-pasta-&-sauce-80g-5177255",
    "img": "https://productimages.coles.com.au/productimages/5/5177255.jpg",
    "price": 1.4,
    "quantity": 0.08,
    "unitPrice": 17.5
  },
  {
    "name": "Single Snack Macaroni Cheese Pasta & Sauce",
    "url": "https://www.coles.com.au/product/san-remo-single-snack-macaroni-cheese-pasta-&-sauce-80g-5177288",
    "img": "https://productimages.coles.com.au/productimages/5/5177288.jpg",
    "price": 1.4,
    "quantity": 0.08,
    "unitPrice": 17.5
  },
  {
    "name": "La Pasta Single Snack Creamy Bacon Pasta & Sauce",
    "url": "https://www.coles.com.au/product/san-remo-la-pasta-single-snack-creamy-bacon-pasta-&-sauce-80g-5177299",
    "img": "https://productimages.coles.com.au/productimages/5/5177299.jpg",
    "price": 1.4,
    "quantity": 0.08,
    "unitPrice": 17.5
  },
  {
    "name": "Nourish Bowl Spiced Lentil Chickpeas & Brown Rice Ready To Eat",
    "url": "https://www.coles.com.au/product/edgell-nourish-bowl-spiced-lentil-chickpeas-&-brown-rice-ready-to-eat-200g-2743709",
    "img": "https://productimages.coles.com.au/productimages/2/2743709.jpg",
    "price": 3.5,
    "quantity": 0.2,
    "unitPrice": 17.5
  },
  {
    "name": "Prawns In Brine",
    "url": "https://www.coles.com.au/product/seacrown-prawns-in-brine-200g-8904662",
    "img": "https://productimages.coles.com.au/productimages/8/8904662.jpg",
    "price": 3.5,
    "quantity": 0.2,
    "unitPrice": 17.5
  },
  {
    "name": "Gourmet Spicy Shin Ramyun Noodle Soup",
    "url": "https://www.coles.com.au/product/nongshim-gourmet-spicy-shin-ramyun-noodle-soup-120g-6672023",
    "img": "https://productimages.coles.com.au/productimages/6/6672023.jpg",
    "price": 2.1,
    "quantity": 0.12,
    "unitPrice": 17.5
  },
  {
    "name": "Neoguri Seafood & Spicy Udon Noodle Soup",
    "url": "https://www.coles.com.au/product/nongshim-neoguri-seafood-&-spicy-udon-noodle-soup-120g-6673219",
    "img": "https://productimages.coles.com.au/productimages/6/6673219.jpg",
    "price": 2.1,
    "quantity": 0.12,
    "unitPrice": 17.5
  },
  {
    "name": "Seafood & Mild Neoguri Ramyun Noodle",
    "url": "https://www.coles.com.au/product/nongshim-seafood-&-mild-neoguri-ramyun-noodle-120g-9755965",
    "img": "https://productimages.coles.com.au/productimages/9/9755965.jpg",
    "price": 2.1,
    "quantity": 0.12,
    "unitPrice": 17.5
  },
  {
    "name": "Gluten Free Fried Noodles",
    "url": "https://www.coles.com.au/product/chang's-gluten-free-fried-noodles-100g-5249775",
    "img": "https://productimages.coles.com.au/productimages/5/5249775.jpg",
    "price": 1.75,
    "quantity": 0.1,
    "unitPrice": 17.5
  },
  {
    "name": "Nutcracker",
    "url": "https://www.coles.com.au/product/haldirams-nutcracker-200g-5258437",
    "img": "https://productimages.coles.com.au/productimages/5/5258437.jpg",
    "price": 3.5,
    "quantity": 0.2,
    "unitPrice": 17.5
  },
  {
    "name": "Original Pickle",
    "url": "https://www.coles.com.au/product/branston-original-pickle-360g-1689142",
    "img": "https://productimages.coles.com.au/productimages/1/1689142.jpg",
    "price": 6.3,
    "quantity": 0.36,
    "unitPrice": 17.5
  },
  {
    "name": "Aloo Paratha",
    "url": "https://www.coles.com.au/product/coco-earth-aloo-paratha-400g-6512060",
    "img": "https://productimages.coles.com.au/productimages/6/6512060.jpg",
    "price": 7,
    "quantity": 0.4,
    "unitPrice": 17.5
  },
  {
    "name": "Roasted Sunflower Seeds Spiced",
    "url": "https://www.coles.com.au/product/chacha-roasted-sunflower-seeds-spiced-228g-4210989",
    "img": "https://productimages.coles.com.au/productimages/4/4210989.jpg",
    "price": 4,
    "quantity": 0.228,
    "unitPrice": 17.5
  },
  {
    "name": "Roasted Sunflower Seeds Coconut",
    "url": "https://www.coles.com.au/product/chacha-roasted-sunflower-seeds-coconut-228g-4211085",
    "img": "https://productimages.coles.com.au/productimages/4/4211085.jpg",
    "price": 4,
    "quantity": 0.228,
    "unitPrice": 17.5
  },
  {
    "name": "Peanut Butter Smooth",
    "url": "https://www.coles.com.au/product/bega-peanut-butter-smooth-200g-181641",
    "img": "https://productimages.coles.com.au/productimages/1/181641.jpg",
    "price": 3.5,
    "quantity": 0.2,
    "unitPrice": 17.5
  },
  {
    "name": "Peanut Butter Crunchy",
    "url": "https://www.coles.com.au/product/bega-peanut-butter-crunchy-200g-181652",
    "img": "https://productimages.coles.com.au/productimages/1/181652.jpg",
    "price": 3.5,
    "quantity": 0.2,
    "unitPrice": 17.5
  },
  {
    "name": "Frozen Vegan Nuggets",
    "url": "https://www.coles.com.au/product/quorn-frozen-vegan-nuggets-280g-2749975",
    "img": "https://productimages.coles.com.au/productimages/2/2749975.jpg",
    "price": 4.9,
    "quantity": 0.28,
    "unitPrice": 17.5
  },
  {
    "name": "I'M Free From Garlic Bread",
    "url": "https://www.coles.com.au/product/coles-i'm-free-from-garlic-bread-400g-3519802",
    "img": "https://productimages.coles.com.au/productimages/3/3519802.jpg",
    "price": 7,
    "quantity": 0.4,
    "unitPrice": 17.5
  },
  {
    "name": "Frozen Chicken Breast Tempura Crackles",
    "url": "https://www.coles.com.au/product/steggles-frozen-chicken-breast-tempura-crackles-400g-5405881",
    "img": "https://productimages.coles.com.au/productimages/5/5405881.jpg",
    "price": 7,
    "quantity": 0.4,
    "unitPrice": 17.5
  },
  {
    "name": "Ricotta & Spinach Ravioli",
    "url": "https://www.coles.com.au/product/pasta-italia-ricotta-&-spinach-ravioli-400g-7033926",
    "img": "https://productimages.coles.com.au/productimages/7/7033926.jpg",
    "price": 7,
    "quantity": 0.4,
    "unitPrice": 17.5
  },
  {
    "name": "Pancetta & Smoked Mozzarella Ravioli",
    "url": "https://www.coles.com.au/product/pasta-italia-pancetta-&-smoked-mozzarella-ravioli-400g-7033959",
    "img": "https://productimages.coles.com.au/productimages/7/7033959.jpg",
    "price": 7,
    "quantity": 0.4,
    "unitPrice": 17.5
  },
  {
    "name": "Potato Gnocchi",
    "url": "https://www.coles.com.au/product/pasta-italia-potato-gnocchi-400g-7042927",
    "img": "https://productimages.coles.com.au/productimages/7/7042927.jpg",
    "price": 7,
    "quantity": 0.4,
    "unitPrice": 17.5
  },
  {
    "name": "RSPCA Approved Chicken Breast Schnitzel Plain Crumb",
    "url": "https://www.coles.com.au/product/coles-rspca-approved-chicken-breast-schnitzel-plain-crumb-600g-5969865",
    "img": "https://productimages.coles.com.au/productimages/5/5969865.jpg",
    "price": 10.5,
    "quantity": 0.6,
    "unitPrice": 17.5
  },
  {
    "name": "RSPCA Approved Chicken Breast Schnitzel Garlic & Herb Crumb",
    "url": "https://www.coles.com.au/product/coles-rspca-approved-chicken-breast-schnitzel-garlic-&-herb-crumb-600g-9232956",
    "img": "https://productimages.coles.com.au/productimages/9/9232956.jpg",
    "price": 10.5,
    "quantity": 0.6,
    "unitPrice": 17.5
  },
  {
    "name": "Free Range Chicken Breast Fillets Bulk Pack ",
    "url": "https://www.coles.com.au/product/lilydale-free-range-chicken-breast-fillets-bulk-pack--approx.-1kg-each-2303750",
    "img": "https://productimages.coles.com.au/productimages/2/2303750.jpg",
    "price": 17.5,
    "quantity": 1,
    "unitPrice": 17.5
  },
  {
    "name": "RSPCA Approved Chicken Breast Schnitzel Plain Crumb",
    "url": "https://www.coles.com.au/product/coles-rspca-approved-chicken-breast-schnitzel-plain-crumb-600g-5969865",
    "img": "https://productimages.coles.com.au/productimages/5/5969865.jpg",
    "price": 10.5,
    "quantity": 0.6,
    "unitPrice": 17.5
  },
  {
    "name": "RSPCA Approved Chicken Breast Schnitzel Garlic & Herb Crumb",
    "url": "https://www.coles.com.au/product/coles-rspca-approved-chicken-breast-schnitzel-garlic-&-herb-crumb-600g-9232956",
    "img": "https://productimages.coles.com.au/productimages/9/9232956.jpg",
    "price": 10.5,
    "quantity": 0.6,
    "unitPrice": 17.5
  },
  {
    "name": "Free Range Chicken Breast Fillets Bulk Pack ",
    "url": "https://www.coles.com.au/product/lilydale-free-range-chicken-breast-fillets-bulk-pack--approx.-1kg-each-2303750",
    "img": "https://productimages.coles.com.au/productimages/2/2303750.jpg",
    "price": 17.5,
    "quantity": 1,
    "unitPrice": 17.5
  },
  {
    "name": "Leggo's Fresh Veal Tortellini",
    "url": "https://www.woolworths.com.au/shop/productdetails/618616",
    "img": "https://cdn0.woolworths.media/content/wowproductimages/medium/618616.jpg",
    "price": 11,
    "quantity": 0.63,
    "unitPrice": 17.5
  },
  {
    "name": "Leggo's Fresh Beef Tomato & Parmesan Ravioli",
    "url": "https://www.woolworths.com.au/shop/productdetails/321800",
    "img": "https://cdn0.woolworths.media/content/wowproductimages/medium/321800.jpg",
    "price": 11,
    "quantity": 0.63,
    "unitPrice": 17.5
  },
  {
    "name": "Leggo's Fresh Roasted Pumpkin  & Feta Ravioli",
    "url": "https://www.woolworths.com.au/shop/productdetails/765451",
    "img": "https://cdn0.woolworths.media/content/wowproductimages/medium/765451.jpg",
    "price": 11,
    "quantity": 0.63,
    "unitPrice": 17.5
  },
  {
    "name": "Leggo's Fresh Ricotta & Spinach Agnolotti",
    "url": "https://www.woolworths.com.au/shop/productdetails/844412",
    "img": "https://cdn0.woolworths.media/content/wowproductimages/medium/844412.jpg",
    "price": 11,
    "quantity": 0.63,
    "unitPrice": 17.5
  },
  {
    "name": "Grand Italian Pan Fry Gnocchi Three Cheese",
    "url": "https://www.woolworths.com.au/shop/productdetails/212040",
    "img": "https://cdn0.woolworths.media/content/wowproductimages/medium/212040.jpg",
    "price": 7,
    "quantity": 0.4,
    "unitPrice": 17.5
  },
  {
    "name": "Grand Italian Gnocchi Pesto & Parmesan Premium",
    "url": "https://www.woolworths.com.au/shop/productdetails/211889",
    "img": "https://cdn0.woolworths.media/content/wowproductimages/medium/211889.jpg",
    "price": 7,
    "quantity": 0.4,
    "unitPrice": 17.5
  },
  {
    "name": "Grand Italian Tuscan Finest Panfry Gnocchi Sundried Tomato & Cheese",
    "url": "https://www.woolworths.com.au/shop/productdetails/277294",
    "img": "https://cdn0.woolworths.media/content/wowproductimages/medium/277294.jpg",
    "price": 7,
    "quantity": 0.4,
    "unitPrice": 17.5
  },
  {
    "name": "Edgell Nourish Bowl Spiced Lentil Salad Chickpeas & Brown Rice",
    "url": "https://www.woolworths.com.au/shop/productdetails/930181",
    "img": "https://cdn0.woolworths.media/content/wowproductimages/medium/930181.jpg",
    "price": 3.5,
    "quantity": 0.2,
    "unitPrice": 17.5
  },
  {
    "name": "Macro 12 Large Organic Australian Free Range Eggs",
    "url": "https://www.woolworths.com.au/shop/productdetails/191726",
    "img": "https://cdn0.woolworths.media/content/wowproductimages/medium/191726.jpg",
    "price": 10.5,
    "quantity": 0.6,
    "unitPrice": 17.5
  },
  {
    "name": "Edgell Nourish Bowl Spiced Lentil Salad Chickpeas & Brown Rice",
    "url": "https://www.woolworths.com.au/shop/productdetails/930181",
    "img": "https://cdn0.woolworths.media/content/wowproductimages/medium/930181.jpg",
    "price": 3.5,
    "quantity": 0.2,
    "unitPrice": 17.5
  },
  {
    "name": "San Remo La Pasta Macaroni Cheese Single Snack",
    "url": "https://www.woolworths.com.au/shop/productdetails/48645",
    "img": "https://cdn0.woolworths.media/content/wowproductimages/medium/048645.jpg",
    "price": 1.4,
    "quantity": 0.08,
    "unitPrice": 17.5
  },
  {
    "name": "San Remo La Pasta Alfredo Single Snack",
    "url": "https://www.woolworths.com.au/shop/productdetails/200783",
    "img": "https://cdn0.woolworths.media/content/wowproductimages/medium/200783.jpg",
    "price": 1.4,
    "quantity": 0.08,
    "unitPrice": 17.5
  },
  {
    "name": "San Remo La Pasta Carbonara Single Snack",
    "url": "https://www.woolworths.com.au/shop/productdetails/200784",
    "img": "https://cdn0.woolworths.media/content/wowproductimages/medium/200784.jpg",
    "price": 1.4,
    "quantity": 0.08,
    "unitPrice": 17.5
  },
  {
    "name": "San Remo La Pasta Creamy Bacon Single Snack",
    "url": "https://www.woolworths.com.au/shop/productdetails/96731",
    "img": "https://cdn0.woolworths.media/content/wowproductimages/medium/096731.jpg",
    "price": 1.4,
    "quantity": 0.08,
    "unitPrice": 17.5
  },
  {
    "name": "San Remo La Pasta Chicken Curry Single Snack",
    "url": "https://www.woolworths.com.au/shop/productdetails/96607",
    "img": "https://cdn0.woolworths.media/content/wowproductimages/medium/096607.jpg",
    "price": 1.4,
    "quantity": 0.08,
    "unitPrice": 17.5
  },
  {
    "name": "Edgell Nourish Bowl Spiced Lentil Salad Chickpeas & Brown Rice",
    "url": "https://www.woolworths.com.au/shop/productdetails/930181",
    "img": "https://cdn0.woolworths.media/content/wowproductimages/medium/930181.jpg",
    "price": 3.5,
    "quantity": 0.2,
    "unitPrice": 17.5
  },
  {
    "name": "Woolworths Beef Chuck Steak Medium",
    "url": "https://www.woolworths.com.au/shop/productdetails/675632",
    "img": "https://cdn0.woolworths.media/content/wowproductimages/medium/675632.jpg",
    "price": 14,
    "quantity": 0.8,
    "unitPrice": 17.5
  },
  {
    "name": "Woolworths Chicken Schnitzels",
    "url": "https://www.woolworths.com.au/shop/productdetails/134041",
    "img": "https://cdn0.woolworths.media/content/wowproductimages/medium/134041.jpg",
    "price": 10.5,
    "quantity": 0.6,
    "unitPrice": 17.5
  },
  {
    "name": "Woolworths Chicken Schnitzels Garlic & Herb",
    "url": "https://www.woolworths.com.au/shop/productdetails/134082",
    "img": "https://cdn0.woolworths.media/content/wowproductimages/medium/134082.jpg",
    "price": 10.5,
    "quantity": 0.6,
    "unitPrice": 17.5
  },
  {
    "name": "Woolworths Moisture Infused Pork Chops",
    "url": "https://www.woolworths.com.au/shop/productdetails/710886",
    "img": "https://cdn0.woolworths.media/content/wowproductimages/medium/710886.jpg",
    "price": 21,
    "quantity": 1.2,
    "unitPrice": 17.5
  },
  {
    "name": "Woolworths Cook Mild Mexican Pork Shoulder",
    "url": "https://www.woolworths.com.au/shop/productdetails/189407",
    "img": "https://cdn0.woolworths.media/content/wowproductimages/medium/189407.jpg",
    "price": 14,
    "quantity": 0.8,
    "unitPrice": 17.5
  },
  {
    "name": "Woolworths",
    "url": "https://www.woolworths.com.au/shop/productdetails/278380",
    "img": "https://cdn0.woolworths.media/content/wowproductimages/medium/278380.jpg",
    "price": 7,
    "quantity": 0.4,
    "unitPrice": 17.5
  },
  {
    "name": "Bonne Maman Strawberry Spread",
    "url": "https://www.woolworths.com.au/shop/productdetails/237398",
    "img": "https://cdn0.woolworths.media/content/wowproductimages/medium/237398.jpg",
    "price": 5.85,
    "quantity": 0.335,
    "unitPrice": 17.5
  },
  {
    "name": "Bonne Maman Apricot Spread",
    "url": "https://www.woolworths.com.au/shop/productdetails/237080",
    "img": "https://cdn0.woolworths.media/content/wowproductimages/medium/237080.jpg",
    "price": 5.85,
    "quantity": 0.335,
    "unitPrice": 17.5
  },
  {
    "name": "Bega Peanut Butter Smooth",
    "url": "https://www.woolworths.com.au/shop/productdetails/38920",
    "img": "https://cdn0.woolworths.media/content/wowproductimages/medium/038920.jpg",
    "price": 3.5,
    "quantity": 0.2,
    "unitPrice": 17.5
  },
  {
    "name": "Macro Organic Honey",
    "url": "https://www.woolworths.com.au/shop/productdetails/894688",
    "img": "https://cdn0.woolworths.media/content/wowproductimages/medium/894688.jpg",
    "price": 7,
    "quantity": 0.4,
    "unitPrice": 17.5
  },
  {
    "name": "Bega Peanut Butter Crunchy",
    "url": "https://www.woolworths.com.au/shop/productdetails/46731",
    "img": "https://cdn0.woolworths.media/content/wowproductimages/medium/046731.jpg",
    "price": 3.5,
    "quantity": 0.2,
    "unitPrice": 17.5
  },
  {
    "name": "Betty Crocker Salted Caramel Cookie Mix Limited Edition",
    "url": "https://www.woolworths.com.au/shop/productdetails/661671",
    "img": "https://cdn0.woolworths.media/content/wowproductimages/medium/661671.jpg",
    "price": 7,
    "quantity": 0.4,
    "unitPrice": 17.5
  },
  {
    "name": "Gluten Free Cheese Kransky",
    "url": "https://www.coles.com.au/product/primo-gluten-free-cheese-kransky-250g-2807460",
    "img": "https://productimages.coles.com.au/productimages/2/2807460.jpg",
    "price": 4.4,
    "quantity": 0.25,
    "unitPrice": 17.6
  },
  {
    "name": "Gluten Free Classic Kransky",
    "url": "https://www.coles.com.au/product/primo-gluten-free-classic-kransky-250g-3053965",
    "img": "https://productimages.coles.com.au/productimages/3/3053965.jpg",
    "price": 4.4,
    "quantity": 0.25,
    "unitPrice": 17.6
  },
  {
    "name": "Gluten Free Cheese Kransky",
    "url": "https://www.coles.com.au/product/primo-gluten-free-cheese-kransky-250g-2807460",
    "img": "https://productimages.coles.com.au/productimages/2/2807460.jpg",
    "price": 4.4,
    "quantity": 0.25,
    "unitPrice": 17.6
  },
  {
    "name": "Gluten Free Classic Kransky",
    "url": "https://www.coles.com.au/product/primo-gluten-free-classic-kransky-250g-3053965",
    "img": "https://productimages.coles.com.au/productimages/3/3053965.jpg",
    "price": 4.4,
    "quantity": 0.25,
    "unitPrice": 17.6
  },
  {
    "name": "Vanilla Twists Koulourakia Greek Biscuits",
    "url": "https://www.coles.com.au/product/olympian-vanilla-twists-koulourakia-greek-biscuits-250g-1855809",
    "img": "https://productimages.coles.com.au/productimages/1/1855809.jpg",
    "price": 4.4,
    "quantity": 0.25,
    "unitPrice": 17.6
  },
  {
    "name": "Mirin Seasoning",
    "url": "https://www.coles.com.au/product/obento-mirin-seasoning-250ml-3743759",
    "img": "https://productimages.coles.com.au/productimages/3/3743759.jpg",
    "price": 4.4,
    "quantity": 0.25,
    "unitPrice": 17.6
  },
  {
    "name": "Malaysian Peanut Satay",
    "url": "https://www.coles.com.au/product/street-kitchen-malaysian-peanut-satay-255g-3259712",
    "img": "https://productimages.coles.com.au/productimages/3/3259712.jpg",
    "price": 4.5,
    "quantity": 0.255,
    "unitPrice": 17.6
  },
  {
    "name": "Kitchen Korean Bulgogi Beef Kit",
    "url": "https://www.coles.com.au/product/street-kitchen-korean-bulgogi-beef-kit-255g-7047217",
    "img": "https://productimages.coles.com.au/productimages/7/7047217.jpg",
    "price": 4.5,
    "quantity": 0.255,
    "unitPrice": 17.6
  },
  {
    "name": "Creamed Honey",
    "url": "https://www.coles.com.au/product/capilano-creamed-honey-500g-134801",
    "img": "https://productimages.coles.com.au/productimages/1/134801.jpg",
    "price": 8.8,
    "quantity": 0.5,
    "unitPrice": 17.6
  },
  {
    "name": "Southern Blue Whiting Fillets",
    "url": "https://www.coles.com.au/product/i&j-southern-blue-whiting-fillets-500g-3754380",
    "img": "https://productimages.coles.com.au/productimages/3/3754380.jpg",
    "price": 8.8,
    "quantity": 0.5,
    "unitPrice": 17.6
  },
  {
    "name": "Brioche Gourmet Sliced Loaf",
    "url": "https://www.woolworths.com.au/shop/productdetails/803698",
    "img": "https://cdn0.woolworths.media/content/wowproductimages/medium/803698.jpg",
    "price": 8.8,
    "quantity": 0.5,
    "unitPrice": 17.6
  },
  {
    "name": "Five:am Organic Vanilla Bean Yoghurt",
    "url": "https://www.woolworths.com.au/shop/productdetails/375537",
    "img": "https://cdn0.woolworths.media/content/wowproductimages/medium/375537.jpg",
    "price": 3,
    "quantity": 0.17,
    "unitPrice": 17.6
  },
  {
    "name": "Five:am Organic Coffee Bean Yoghurt",
    "url": "https://www.woolworths.com.au/shop/productdetails/717537",
    "img": "https://cdn0.woolworths.media/content/wowproductimages/medium/717537.jpg",
    "price": 3,
    "quantity": 0.17,
    "unitPrice": 17.6
  },
  {
    "name": "Woolworths Basmati Rice Microwave Cup",
    "url": "https://www.woolworths.com.au/shop/productdetails/63665",
    "img": "https://cdn0.woolworths.media/content/wowproductimages/medium/063665.jpg",
    "price": 2.2,
    "quantity": 0.125,
    "unitPrice": 17.6
  },
  {
    "name": "Kellogg's All-bran Wheat Flakes Breakfast Cereal",
    "url": "https://www.woolworths.com.au/shop/productdetails/701725",
    "img": "https://cdn0.woolworths.media/content/wowproductimages/medium/701725.jpg",
    "price": 5.8,
    "quantity": 0.33,
    "unitPrice": 17.6
  },
  {
    "name": "Carman's Low Carb Granola Peanut Butter",
    "url": "https://www.woolworths.com.au/shop/productdetails/272313",
    "img": "https://cdn0.woolworths.media/content/wowproductimages/medium/272313.jpg",
    "price": 7.5,
    "quantity": 0.425,
    "unitPrice": 17.6
  },
  {
    "name": "Carman's Antioxidant Granola Blueberry & Vanilla",
    "url": "https://www.woolworths.com.au/shop/productdetails/272603",
    "img": "https://cdn0.woolworths.media/content/wowproductimages/medium/272603.jpg",
    "price": 7.5,
    "quantity": 0.425,
    "unitPrice": 17.6
  },
  {
    "name": "Capilano 100% Pure Australian Creamed Honey Tub",
    "url": "https://www.woolworths.com.au/shop/productdetails/14039",
    "img": "https://cdn0.woolworths.media/content/wowproductimages/medium/014039.jpg",
    "price": 8.8,
    "quantity": 0.5,
    "unitPrice": 17.6
  },
  {
    "name": "Masterfoods Carbonara Recipe Base",
    "url": "https://www.woolworths.com.au/shop/productdetails/840611",
    "img": "https://cdn0.woolworths.media/content/wowproductimages/medium/840611.jpg",
    "price": 3,
    "quantity": 0.17,
    "unitPrice": 17.6
  },
  {
    "name": "Masterfoods Chicken Alfredo Recipe Base",
    "url": "https://www.woolworths.com.au/shop/productdetails/840616",
    "img": "https://cdn0.woolworths.media/content/wowproductimages/medium/840616.jpg",
    "price": 3,
    "quantity": 0.17,
    "unitPrice": 17.6
  },
  {
    "name": "Sweet Baby Ray's Hickory & Brown Sugar Bbq Sauce",
    "url": "https://www.woolworths.com.au/shop/productdetails/802036",
    "img": "https://cdn0.woolworths.media/content/wowproductimages/medium/802036.jpg",
    "price": 7.5,
    "quantity": 0.425,
    "unitPrice": 17.6
  },
  {
    "name": "Sweet Baby Ray's Bbq Sauce",
    "url": "https://www.woolworths.com.au/shop/productdetails/377119",
    "img": "https://cdn0.woolworths.media/content/wowproductimages/medium/377119.jpg",
    "price": 7.5,
    "quantity": 0.425,
    "unitPrice": 17.6
  },
  {
    "name": "Sweet Baby Ray's Honey Bbq Sauce",
    "url": "https://www.woolworths.com.au/shop/productdetails/60469",
    "img": "https://cdn0.woolworths.media/content/wowproductimages/medium/060469.jpg",
    "price": 7.5,
    "quantity": 0.425,
    "unitPrice": 17.6
  },
  {
    "name": "Sweet Baby Ray's Sweet N Spicy Bbq Sauce",
    "url": "https://www.woolworths.com.au/shop/productdetails/60474",
    "img": "https://cdn0.woolworths.media/content/wowproductimages/medium/060474.jpg",
    "price": 7.5,
    "quantity": 0.425,
    "unitPrice": 17.6
  },
  {
    "name": "Sweet Baby Ray's Honey Chipotle Bbq Sauce",
    "url": "https://www.woolworths.com.au/shop/productdetails/607077",
    "img": "https://cdn0.woolworths.media/content/wowproductimages/medium/607077.jpg",
    "price": 7.5,
    "quantity": 0.425,
    "unitPrice": 17.6
  },
  {
    "name": "Dried Craisins Regular Cranberries",
    "url": "https://www.coles.com.au/product/ocean-spray-dried-craisins-regular-cranberries-170g-7859212",
    "img": "https://productimages.coles.com.au/productimages/7/7859212.jpg",
    "price": 3,
    "quantity": 0.17,
    "unitPrice": 17.65
  },
  {
    "name": "Dried Craisins Regular Cranberries",
    "url": "https://www.coles.com.au/product/ocean-spray-dried-craisins-regular-cranberries-170g-7859212",
    "img": "https://productimages.coles.com.au/productimages/7/7859212.jpg",
    "price": 3,
    "quantity": 0.17,
    "unitPrice": 17.65
  },
  {
    "name": "Smoked Oysters In Oil",
    "url": "https://www.coles.com.au/product/coles-smoked-oysters-in-oil-85g-3718070",
    "img": "https://productimages.coles.com.au/productimages/3/3718070.jpg",
    "price": 1.5,
    "quantity": 0.085,
    "unitPrice": 17.65
  },
  {
    "name": "Tuna in Oil Italian Style",
    "url": "https://www.coles.com.au/product/sirena-tuna-in-oil-italian-style-425g-390572",
    "img": "https://productimages.coles.com.au/productimages/3/390572.jpg",
    "price": 7.5,
    "quantity": 0.425,
    "unitPrice": 17.65
  },
  {
    "name": "Tuna In Springwater",
    "url": "https://www.coles.com.au/product/sirena-tuna-in-springwater-425g-9442937",
    "img": "https://productimages.coles.com.au/productimages/9/9442937.jpg",
    "price": 7.5,
    "quantity": 0.425,
    "unitPrice": 17.65
  },
  {
    "name": "Woolworths Smoked Oysters In Oil",
    "url": "https://www.woolworths.com.au/shop/productdetails/873018",
    "img": "https://cdn0.woolworths.media/content/wowproductimages/medium/873018.jpg",
    "price": 1.5,
    "quantity": 0.085,
    "unitPrice": 17.65
  },
  {
    "name": "Woolworths Smoked Oysters In Springwater",
    "url": "https://www.woolworths.com.au/shop/productdetails/873019",
    "img": "https://cdn0.woolworths.media/content/wowproductimages/medium/873019.jpg",
    "price": 1.5,
    "quantity": 0.085,
    "unitPrice": 17.65
  },
  {
    "name": "Sirena Tuna In Oil Italian Style",
    "url": "https://www.woolworths.com.au/shop/productdetails/91981",
    "img": "https://cdn0.woolworths.media/content/wowproductimages/medium/091981.jpg",
    "price": 7.5,
    "quantity": 0.425,
    "unitPrice": 17.65
  },
  {
    "name": "Sirena Tuna Springwater In Springwater",
    "url": "https://www.woolworths.com.au/shop/productdetails/765751",
    "img": "https://cdn0.woolworths.media/content/wowproductimages/medium/765751.jpg",
    "price": 7.5,
    "quantity": 0.425,
    "unitPrice": 17.65
  },
  {
    "name": "Masterfoods Chilli Con Carne Recipe Base",
    "url": "https://www.woolworths.com.au/shop/productdetails/840618",
    "img": "https://cdn0.woolworths.media/content/wowproductimages/medium/840618.jpg",
    "price": 3,
    "quantity": 0.17,
    "unitPrice": 17.65
  },
  {
    "name": "Ocean Spray Craisins Dried Cranberries",
    "url": "https://www.woolworths.com.au/shop/productdetails/95093",
    "img": "https://cdn0.woolworths.media/content/wowproductimages/medium/095093.jpg",
    "price": 3,
    "quantity": 0.17,
    "unitPrice": 17.65
  },
  {
    "name": "The Olive Tree Australian Extra Virgin Olive Oil Spray",
    "url": "https://www.aldi.com.au/en/groceries/pantry/olive-oil/olive-oil-detail/ps/p/the-olive-tree-australian-extra-virgin-olive-oil-s/",
    "img": "https://www.aldi.com.au/fileadmin/_processed_/2/9/csm_1001829-1_Q1-WEB-AUDIT_OLIVE-OIL_1x1_228x128_5_RET_02b191cfb2.png",
    "price": 3.99,
    "quantity": 0.225,
    "unitPrice": 17.7
  },
  {
    "name": "Choceur Peanut & Caramel Chocolate Block",
    "url": "https://www.aldi.com.au/en/groceries/limited-time-only/limited-time-only-detail/ps/p/choceur-peanut-caramel-chocolate-block-197g-1/",
    "img": "https://www.aldi.com.au/fileadmin/_processed_/c/8/csm_1001961-2_SEASONAL_1x1_228x128_B4_6_RET_9cea69aa56.png",
    "price": 3.49,
    "quantity": 0.197,
    "unitPrice": 17.7
  },
  {
    "name": "Choceur Peanut & Caramel Chocolate Block",
    "url": "https://www.aldi.com.au/en/groceries/limited-time-only/limited-time-only-detail/ps/p/choceur-peanut-caramel-chocolate-block-197g-1/",
    "img": "https://www.aldi.com.au/fileadmin/_processed_/c/8/csm_1001961-2_SEASONAL_1x1_228x128_B4_6_RET_9cea69aa56.png",
    "price": 3.49,
    "quantity": 0.197,
    "unitPrice": 17.7
  },
  {
    "name": "Peanut Butter Baking Chips",
    "url": "https://www.coles.com.au/product/reeses-peanut-butter-baking-chips-283g-4358946",
    "img": "https://productimages.coles.com.au/productimages/4/4358946.jpg",
    "price": 5,
    "quantity": 0.283,
    "unitPrice": 17.7
  },
  {
    "name": "Peanut Butter Baking Chips",
    "url": "https://www.coles.com.au/product/reeses-peanut-butter-baking-chips-283g-4358946",
    "img": "https://productimages.coles.com.au/productimages/4/4358946.jpg",
    "price": 5,
    "quantity": 0.283,
    "unitPrice": 17.7
  },
  {
    "name": "Asian Laksa Soup Serves 2",
    "url": "https://www.coles.com.au/product/coles-asian-laksa-soup-serves-2-65g-2894577",
    "img": "https://productimages.coles.com.au/productimages/2/2894577.jpg",
    "price": 1.15,
    "quantity": 0.065,
    "unitPrice": 17.7
  },
  {
    "name": "Vindaloo Curry Paste Hot",
    "url": "https://www.coles.com.au/product/patak's-vindaloo-curry-paste-hot-283g-5029917",
    "img": "https://productimages.coles.com.au/productimages/5/5029917.jpg",
    "price": 5,
    "quantity": 0.283,
    "unitPrice": 17.7
  },
  {
    "name": "Rogan Josh Curry Paste Medium",
    "url": "https://www.coles.com.au/product/patak's-rogan-josh-curry-paste-medium-283g-5292989",
    "img": "https://productimages.coles.com.au/productimages/5/5292989.jpg",
    "price": 5,
    "quantity": 0.283,
    "unitPrice": 17.7
  },
  {
    "name": "Tikka Masala Curry Paste Medium",
    "url": "https://www.coles.com.au/product/patak's-tikka-masala-curry-paste-medium-283g-7306177",
    "img": "https://productimages.coles.com.au/productimages/7/7306177.jpg",
    "price": 5,
    "quantity": 0.283,
    "unitPrice": 17.7
  },
  {
    "name": "Tortilla Pockets Kit Original Mexican Style",
    "url": "https://www.coles.com.au/product/old-el-paso-tortilla-pockets-kit-original-mexican-style-375g-3801593",
    "img": "https://productimages.coles.com.au/productimages/3/3801593.jpg",
    "price": 6.65,
    "quantity": 0.375,
    "unitPrice": 17.7
  },
  {
    "name": "Squeeze Garlic Aioli",
    "url": "https://www.coles.com.au/product/praise-squeeze-garlic-aioli-470g-7039773",
    "img": "https://productimages.coles.com.au/productimages/7/7039773.jpg",
    "price": 8.3,
    "quantity": 0.47,
    "unitPrice": 17.7
  },
  {
    "name": "Squeeze Chipotle Aioli",
    "url": "https://www.coles.com.au/product/praise-squeeze-chipotle-aioli-470g-7039784",
    "img": "https://productimages.coles.com.au/productimages/7/7039784.jpg",
    "price": 8.3,
    "quantity": 0.47,
    "unitPrice": 17.7
  },
  {
    "name": "Pork Dim Sims",
    "url": "https://www.coles.com.au/product/hong-kong-pork-dim-sims-480g-5292231",
    "img": "https://productimages.coles.com.au/productimages/5/5292231.jpg",
    "price": 8.5,
    "quantity": 0.48,
    "unitPrice": 17.7
  },
  {
    "name": "Healthy Treats Tiny Tubs Choc Mint/Caramel White Choc 4 Pack",
    "url": "https://www.coles.com.au/product/twisted-healthy-treats-tiny-tubs-choc-mint/caramel-white-choc-4-pack-480ml-5494870",
    "img": "https://productimages.coles.com.au/productimages/5/5494870.jpg",
    "price": 8.5,
    "quantity": 0.48,
    "unitPrice": 17.7
  },
  {
    "name": "Rana Ricotta & Spinach Tortellini",
    "url": "https://www.woolworths.com.au/shop/productdetails/120541",
    "img": "https://cdn0.woolworths.media/content/wowproductimages/medium/120541.jpg",
    "price": 10,
    "quantity": 0.565,
    "unitPrice": 17.7
  },
  {
    "name": "Rana Creamy Pumpkin & Cheese Tortellini",
    "url": "https://www.woolworths.com.au/shop/productdetails/212806",
    "img": "https://cdn0.woolworths.media/content/wowproductimages/medium/212806.jpg",
    "price": 10,
    "quantity": 0.565,
    "unitPrice": 17.7
  },
  {
    "name": "Uncle Tobys Oats Quick Sachets Big Bowl Creamy Honey Porridge",
    "url": "https://www.woolworths.com.au/shop/productdetails/147720",
    "img": "https://cdn0.woolworths.media/content/wowproductimages/medium/147720.jpg",
    "price": 6.5,
    "quantity": 0.368,
    "unitPrice": 17.7
  },
  {
    "name": "Uncle Tobys Oats Quick Sachets Big Bowl Original Porridge",
    "url": "https://www.woolworths.com.au/shop/productdetails/148281",
    "img": "https://cdn0.woolworths.media/content/wowproductimages/medium/148281.jpg",
    "price": 6.5,
    "quantity": 0.368,
    "unitPrice": 17.7
  },
  {
    "name": "Uncle Tobys Oats Quick Sachets Big Bowl Banana & Honey Porridge",
    "url": "https://www.woolworths.com.au/shop/productdetails/148985",
    "img": "https://cdn0.woolworths.media/content/wowproductimages/medium/148985.jpg",
    "price": 6.5,
    "quantity": 0.368,
    "unitPrice": 17.7
  },
  {
    "name": "No Nasties Choc Hazelnut Spread 50% Less Sugar",
    "url": "https://www.woolworths.com.au/shop/productdetails/237367",
    "img": "https://cdn0.woolworths.media/content/wowproductimages/medium/237367.jpg",
    "price": 6.2,
    "quantity": 0.35,
    "unitPrice": 17.7
  },
  {
    "name": "Reese's Peanut Butter Chips",
    "url": "https://www.woolworths.com.au/shop/productdetails/827791",
    "img": "https://cdn0.woolworths.media/content/wowproductimages/medium/827791.jpg",
    "price": 5,
    "quantity": 0.283,
    "unitPrice": 17.7
  },
  {
    "name": "Roasted Pepper Strips",
    "url": "https://www.coles.com.au/product/always-fresh-roasted-pepper-strips-310g-2747620",
    "img": "https://productimages.coles.com.au/productimages/2/2747620.jpg",
    "price": 5.5,
    "quantity": 0.31,
    "unitPrice": 17.74
  },
  {
    "name": "Frozen Tasty Calamari Salt & Pepper Lightly Crumbed Rings",
    "url": "https://www.coles.com.au/product/i&j-frozen-tasty-calamari-salt-&-pepper-lightly-crumbed-rings-360g-2988003",
    "img": "https://productimages.coles.com.au/productimages/2/2988003.jpg",
    "price": 6.4,
    "quantity": 0.36,
    "unitPrice": 17.78
  },
  {
    "name": "Crumbed Prawn Cutlets",
    "url": "https://www.coles.com.au/product/coles-crumbed-prawn-cutlets-360g-4408385",
    "img": "https://productimages.coles.com.au/productimages/4/4408385.jpg",
    "price": 6.4,
    "quantity": 0.36,
    "unitPrice": 17.78
  },
  {
    "name": "Made Easy Chicken Enchiladas With Beans & Cheese",
    "url": "https://www.coles.com.au/product/coles-made-easy-chicken-enchiladas-with-beans-&-cheese-450g-3024843",
    "img": "https://productimages.coles.com.au/productimages/3/3024843.jpg",
    "price": 8,
    "quantity": 0.45,
    "unitPrice": 17.78
  },
  {
    "name": "Farmhouse Style Pork Sausages",
    "url": "https://www.coles.com.au/product/three-aussie-farmers-farmhouse-style-pork-sausages-450g-3770627",
    "img": "https://productimages.coles.com.au/productimages/3/3770627.jpg",
    "price": 8,
    "quantity": 0.45,
    "unitPrice": 17.78
  },
  {
    "name": "Louisiana Pork Sausage",
    "url": "https://www.coles.com.au/product/three-aussie-farmers-louisiana-pork-sausage-450g-3901690",
    "img": "https://productimages.coles.com.au/productimages/3/3901690.jpg",
    "price": 8,
    "quantity": 0.45,
    "unitPrice": 17.78
  },
  {
    "name": "Classic Aussie Banger Beef & Pork Sausage",
    "url": "https://www.coles.com.au/product/three-aussie-farmers-classic-aussie-banger-beef-&-pork-sausage-450g-4469277",
    "img": "https://productimages.coles.com.au/productimages/4/4469277.jpg",
    "price": 8,
    "quantity": 0.45,
    "unitPrice": 17.78
  },
  {
    "name": "Lamb Garlic And Oregano Sausages",
    "url": "https://www.coles.com.au/product/coles-finest-lamb-garlic-and-oregano-sausages-450g-5927592",
    "img": "https://productimages.coles.com.au/productimages/5/5927592.jpg",
    "price": 8,
    "quantity": 0.45,
    "unitPrice": 17.78
  },
  {
    "name": "Made Easy Slow Cooked Lamb Shanks In Red Wine Sauce",
    "url": "https://www.coles.com.au/product/coles-made-easy-slow-cooked-lamb-shanks-in-red-wine-sauce-900g-1200402",
    "img": "https://productimages.coles.com.au/productimages/1/1200402.jpg",
    "price": 16,
    "quantity": 0.9,
    "unitPrice": 17.78
  },
  {
    "name": "Made Easy Chicken Enchiladas With Beans & Cheese",
    "url": "https://www.coles.com.au/product/coles-made-easy-chicken-enchiladas-with-beans-&-cheese-450g-3024843",
    "img": "https://productimages.coles.com.au/productimages/3/3024843.jpg",
    "price": 8,
    "quantity": 0.45,
    "unitPrice": 17.78
  },
  {
    "name": "Farmhouse Style Pork Sausages",
    "url": "https://www.coles.com.au/product/three-aussie-farmers-farmhouse-style-pork-sausages-450g-3770627",
    "img": "https://productimages.coles.com.au/productimages/3/3770627.jpg",
    "price": 8,
    "quantity": 0.45,
    "unitPrice": 17.78
  },
  {
    "name": "Louisiana Pork Sausage",
    "url": "https://www.coles.com.au/product/three-aussie-farmers-louisiana-pork-sausage-450g-3901690",
    "img": "https://productimages.coles.com.au/productimages/3/3901690.jpg",
    "price": 8,
    "quantity": 0.45,
    "unitPrice": 17.78
  },
  {
    "name": "Classic Aussie Banger Beef & Pork Sausage",
    "url": "https://www.coles.com.au/product/three-aussie-farmers-classic-aussie-banger-beef-&-pork-sausage-450g-4469277",
    "img": "https://productimages.coles.com.au/productimages/4/4469277.jpg",
    "price": 8,
    "quantity": 0.45,
    "unitPrice": 17.78
  },
  {
    "name": "Lamb Garlic And Oregano Sausages",
    "url": "https://www.coles.com.au/product/coles-finest-lamb-garlic-and-oregano-sausages-450g-5927592",
    "img": "https://productimages.coles.com.au/productimages/5/5927592.jpg",
    "price": 8,
    "quantity": 0.45,
    "unitPrice": 17.78
  },
  {
    "name": "Made Easy Slow Cooked Lamb Shanks In Red Wine Sauce",
    "url": "https://www.coles.com.au/product/coles-made-easy-slow-cooked-lamb-shanks-in-red-wine-sauce-900g-1200402",
    "img": "https://productimages.coles.com.au/productimages/1/1200402.jpg",
    "price": 16,
    "quantity": 0.9,
    "unitPrice": 17.78
  },
  {
    "name": "Peppercorn Beef Sausages Extra Lean",
    "url": "https://www.woolworths.com.au/shop/productdetails/178143",
    "img": "https://cdn0.woolworths.media/content/wowproductimages/medium/178143.jpg",
    "price": 8,
    "quantity": 0.45,
    "unitPrice": 17.78
  },
  {
    "name": "The Best Margherita Frozen Pizza Ever",
    "url": "https://www.aldi.com.au/en/groceries/freezer/freezer-detail/ps/p/the-best-margherita-pizza-ever-365g/",
    "img": "https://www.aldi.com.au/fileadmin/_processed_/f/5/csm_ALN2626_MARGHERITA_PIZZA_1x1_228x128_663241c472.jpg",
    "price": 6.49,
    "quantity": 0.365,
    "unitPrice": 17.8
  },
  {
    "name": "Fluff",
    "url": "https://www.coles.com.au/product/marshmallow-fluff-213g-2137378",
    "img": "https://productimages.coles.com.au/productimages/2/2137378.jpg",
    "price": 3.8,
    "quantity": 0.213,
    "unitPrice": 17.8
  },
  {
    "name": "Organic Frozen Banana",
    "url": "https://www.coles.com.au/product/oob-organic-frozen-banana-450g-3987844",
    "img": "https://productimages.coles.com.au/productimages/3/3987844.jpg",
    "price": 8,
    "quantity": 0.45,
    "unitPrice": 17.8
  },
  {
    "name": "Rustica Thin & Crispy Angus Beef",
    "url": "https://www.coles.com.au/product/mccain-rustica-thin-&-crispy-angus-beef-370g-6839515",
    "img": "https://productimages.coles.com.au/productimages/6/6839515.jpg",
    "price": 6.6,
    "quantity": 0.37,
    "unitPrice": 17.8
  },
  {
    "name": "Woolworths Lemon Drizzle Loaf Cake",
    "url": "https://www.woolworths.com.au/shop/productdetails/113770",
    "img": "https://cdn0.woolworths.media/content/wowproductimages/medium/113770.jpg",
    "price": 8,
    "quantity": 0.45,
    "unitPrice": 17.8
  },
  {
    "name": "Woolworths Hummingbird Loaf Cake",
    "url": "https://www.woolworths.com.au/shop/productdetails/113771",
    "img": "https://cdn0.woolworths.media/content/wowproductimages/medium/113771.jpg",
    "price": 8,
    "quantity": 0.45,
    "unitPrice": 17.8
  },
  {
    "name": "Fodmapped For You Roasted Pumpkin & Sage Soup",
    "url": "https://www.woolworths.com.au/shop/productdetails/647691",
    "img": "https://cdn0.woolworths.media/content/wowproductimages/medium/647691.jpg",
    "price": 8.9,
    "quantity": 0.5,
    "unitPrice": 17.8
  },
  {
    "name": "Woolworths Lemon Drizzle Loaf Cake",
    "url": "https://www.woolworths.com.au/shop/productdetails/113770",
    "img": "https://cdn0.woolworths.media/content/wowproductimages/medium/113770.jpg",
    "price": 8,
    "quantity": 0.45,
    "unitPrice": 17.8
  },
  {
    "name": "Woolworths Hummingbird Loaf Cake",
    "url": "https://www.woolworths.com.au/shop/productdetails/113771",
    "img": "https://cdn0.woolworths.media/content/wowproductimages/medium/113771.jpg",
    "price": 8,
    "quantity": 0.45,
    "unitPrice": 17.8
  },
  {
    "name": "Belvita Strawberry Yoghurt Sandwich Breakfast Biscuits 5 Pack",
    "url": "https://www.woolworths.com.au/shop/productdetails/510428",
    "img": "https://cdn0.woolworths.media/content/wowproductimages/medium/510428.jpg",
    "price": 4.5,
    "quantity": 0.253,
    "unitPrice": 17.8
  },
  {
    "name": "Belvita Choc Hazelnut Sandwich Breakfast Biscuits 5 Pack",
    "url": "https://www.woolworths.com.au/shop/productdetails/54839",
    "img": "https://cdn0.woolworths.media/content/wowproductimages/medium/054839.jpg",
    "price": 4.5,
    "quantity": 0.253,
    "unitPrice": 17.8
  },
  {
    "name": "Fodmapped Minestrone Soup",
    "url": "https://www.woolworths.com.au/shop/productdetails/224385",
    "img": "https://cdn0.woolworths.media/content/wowproductimages/medium/224385.jpg",
    "price": 8.9,
    "quantity": 0.5,
    "unitPrice": 17.8
  },
  {
    "name": "Cadbury Baking Milk Chocolate Melts",
    "url": "https://www.woolworths.com.au/shop/productdetails/829005",
    "img": "https://cdn0.woolworths.media/content/wowproductimages/medium/829005.jpg",
    "price": 4,
    "quantity": 0.225,
    "unitPrice": 17.8
  },
  {
    "name": "Cadbury Baking Dark Chocolate Melts",
    "url": "https://www.woolworths.com.au/shop/productdetails/829009",
    "img": "https://cdn0.woolworths.media/content/wowproductimages/medium/829009.jpg",
    "price": 4,
    "quantity": 0.225,
    "unitPrice": 17.8
  },
  {
    "name": "Betty Crocker Chocolate Fudge Gluten Free Brownie Mix",
    "url": "https://www.woolworths.com.au/shop/productdetails/793245",
    "img": "https://cdn0.woolworths.media/content/wowproductimages/medium/793245.jpg",
    "price": 8,
    "quantity": 0.45,
    "unitPrice": 17.8
  },
  {
    "name": "Salad Family Baby Spinach",
    "url": "https://www.coles.com.au/product/coles-salad-family-baby-spinach-280g-8658588",
    "img": "https://productimages.coles.com.au/productimages/8/8658588.jpg",
    "price": 5,
    "quantity": 0.28,
    "unitPrice": 17.86
  },
  {
    "name": "Gourmet Kangaroo Meatballs",
    "url": "https://www.coles.com.au/product/k-roo-gourmet-kangaroo-meatballs-420g-2391532",
    "img": "https://productimages.coles.com.au/productimages/2/2391532.jpg",
    "price": 7.5,
    "quantity": 0.42,
    "unitPrice": 17.86
  },
  {
    "name": "Graze Grass Fed Beef Meatballs",
    "url": "https://www.coles.com.au/product/coles-graze-grass-fed-beef-meatballs-420g-2725456",
    "img": "https://productimages.coles.com.au/productimages/2/2725456.jpg",
    "price": 7.5,
    "quantity": 0.42,
    "unitPrice": 17.86
  },
  {
    "name": "Gourmet Kangaroo Meatballs",
    "url": "https://www.coles.com.au/product/k-roo-gourmet-kangaroo-meatballs-420g-2391532",
    "img": "https://productimages.coles.com.au/productimages/2/2391532.jpg",
    "price": 7.5,
    "quantity": 0.42,
    "unitPrice": 17.86
  },
  {
    "name": "Graze Grass Fed Beef Meatballs",
    "url": "https://www.coles.com.au/product/coles-graze-grass-fed-beef-meatballs-420g-2725456",
    "img": "https://productimages.coles.com.au/productimages/2/2725456.jpg",
    "price": 7.5,
    "quantity": 0.42,
    "unitPrice": 17.86
  },
  {
    "name": "Woolworths Baby Spinach Spinach",
    "url": "https://www.woolworths.com.au/shop/productdetails/524336",
    "img": "https://cdn0.woolworths.media/content/wowproductimages/medium/524336.jpg",
    "price": 5,
    "quantity": 0.28,
    "unitPrice": 17.86
  },
  {
    "name": "Woolworths Bbq Pulled Pork Burger Kit",
    "url": "https://www.woolworths.com.au/shop/productdetails/212746",
    "img": "https://cdn0.woolworths.media/content/wowproductimages/medium/212746.jpg",
    "price": 12.5,
    "quantity": 0.7,
    "unitPrice": 17.86
  },
  {
    "name": "American Hot Dog Franks",
    "url": "https://www.coles.com.au/product/hans-american-hot-dog-franks-375g-5738556",
    "img": "https://productimages.coles.com.au/productimages/5/5738556.jpg",
    "price": 6.7,
    "quantity": 0.375,
    "unitPrice": 17.87
  },
  {
    "name": "American Hot Dog Franks",
    "url": "https://www.coles.com.au/product/hans-american-hot-dog-franks-375g-5738556",
    "img": "https://productimages.coles.com.au/productimages/5/5738556.jpg",
    "price": 6.7,
    "quantity": 0.375,
    "unitPrice": 17.87
  },
  {
    "name": "Greek Gigantes Beans",
    "url": "https://www.coles.com.au/product/palirra-greek-gigantes-beans-280g-3466772",
    "img": "https://productimages.coles.com.au/productimages/3/3466772.jpg",
    "price": 5,
    "quantity": 0.28,
    "unitPrice": 17.9
  },
  {
    "name": "Hoisin Sauce",
    "url": "https://www.coles.com.au/product/lee-kum-kee-hoisin-sauce-240g-5252962",
    "img": "https://productimages.coles.com.au/productimages/5/5252962.jpg",
    "price": 4.3,
    "quantity": 0.24,
    "unitPrice": 17.9
  },
  {
    "name": "Pad Thai Paste",
    "url": "https://www.coles.com.au/product/valcom-pad-thai-paste-240g-9434520",
    "img": "https://productimages.coles.com.au/productimages/9/9434520.jpg",
    "price": 4.3,
    "quantity": 0.24,
    "unitPrice": 17.9
  },
  {
    "name": "Verjuice Vinegar",
    "url": "https://www.coles.com.au/product/anchor-verjuice-vinegar-375ml-5216700",
    "img": "https://productimages.coles.com.au/productimages/5/5216700.jpg",
    "price": 6.7,
    "quantity": 0.375,
    "unitPrice": 17.9
  },
  {
    "name": "Mini French Dressing",
    "url": "https://www.coles.com.au/product/praise-mini-french-dressing-140ml-7023580",
    "img": "https://productimages.coles.com.au/productimages/7/7023580.jpg",
    "price": 2.5,
    "quantity": 0.14,
    "unitPrice": 17.9
  },
  {
    "name": "Mini Italian Dressing",
    "url": "https://www.coles.com.au/product/praise-mini-italian-dressing-140ml-7023605",
    "img": "https://productimages.coles.com.au/productimages/7/7023605.jpg",
    "price": 2.5,
    "quantity": 0.14,
    "unitPrice": 17.9
  },
  {
    "name": "Mini Caesar Dressing",
    "url": "https://www.coles.com.au/product/praise-mini-caesar-dressing-140ml-7023660",
    "img": "https://productimages.coles.com.au/productimages/7/7023660.jpg",
    "price": 2.5,
    "quantity": 0.14,
    "unitPrice": 17.9
  },
  {
    "name": "Mini Thai Beef Salad Dressing",
    "url": "https://www.coles.com.au/product/praise-mini-thai-beef-salad-dressing-140ml-7023729",
    "img": "https://productimages.coles.com.au/productimages/7/7023729.jpg",
    "price": 2.5,
    "quantity": 0.14,
    "unitPrice": 17.9
  },
  {
    "name": "Traditional Mayonnaise",
    "url": "https://www.coles.com.au/product/coles-finest-traditional-mayonnaise-280g-7078822",
    "img": "https://productimages.coles.com.au/productimages/7/7078822.jpg",
    "price": 5,
    "quantity": 0.28,
    "unitPrice": 17.9
  },
  {
    "name": "Frozen Premium Tasty Cheese & Bacon Quiches 2 pack",
    "url": "https://www.coles.com.au/product/temptation-frozen-premium-tasty-cheese-&-bacon-quiches-2-pack-280g-3014318",
    "img": "https://productimages.coles.com.au/productimages/3/3014318.jpg",
    "price": 5,
    "quantity": 0.28,
    "unitPrice": 17.9
  },
  {
    "name": "Frozen Healthy Choice Chinese Chicken With Cashews",
    "url": "https://www.coles.com.au/product/mccain-frozen-healthy-choice-chinese-chicken-with-cashews-280g-8057001",
    "img": "https://productimages.coles.com.au/productimages/8/8057001.jpg",
    "price": 5,
    "quantity": 0.28,
    "unitPrice": 17.9
  },
  {
    "name": "Frozen Sticky Date Pudding",
    "url": "https://www.coles.com.au/product/sara-lee-frozen-sticky-date-pudding-475g-6863815",
    "img": "https://productimages.coles.com.au/productimages/6/6863815.jpg",
    "price": 8.5,
    "quantity": 0.475,
    "unitPrice": 17.9
  },
  {
    "name": "Anchor Margaret River Verjuice",
    "url": "https://www.woolworths.com.au/shop/productdetails/272761",
    "img": "https://cdn0.woolworths.media/content/wowproductimages/medium/272761.jpg",
    "price": 6.7,
    "quantity": 0.375,
    "unitPrice": 17.9
  },
  {
    "name": "Lee Kum Kee Sauce Hoi Sin",
    "url": "https://www.woolworths.com.au/shop/productdetails/39336",
    "img": "https://cdn0.woolworths.media/content/wowproductimages/medium/039336.jpg",
    "price": 4.3,
    "quantity": 0.24,
    "unitPrice": 17.9
  },
  {
    "name": "Forresters Sweet & Salty Snack Mix",
    "url": "https://www.aldi.com.au/en/groceries/limited-time-only/limited-time-only-detail/ps/p/forresters-sweet-salty-snack-mix-200g/",
    "img": "https://www.aldi.com.au/fileadmin/_processed_/5/9/csm_1001961-2_SEASONAL_1x1_228x128_B4_12_RET_0d91b21b40.png",
    "price": 3.49,
    "quantity": 0.2,
    "unitPrice": 17.95
  },
  {
    "name": "Emporium Selection Apricot & Almond Cream Cheese",
    "url": "https://www.aldi.com.au/en/groceries/fresh-produce/dairy-eggs/dairy-eggs-detail/ps/p/emporium-selection-apricot-almond-cream-cheese-200-1/",
    "img": "https://www.aldi.com.au/fileadmin/_processed_/7/2/csm_ALN2853_AWARDS_CHEESE_1x1_228x128_5_45551ddf4a.jpg",
    "price": 3.59,
    "quantity": 0.2,
    "unitPrice": 17.95
  },
  {
    "name": "Forresters Sweet & Salty Snack Mix",
    "url": "https://www.aldi.com.au/en/groceries/limited-time-only/limited-time-only-detail/ps/p/forresters-sweet-salty-snack-mix-200g/",
    "img": "https://www.aldi.com.au/fileadmin/_processed_/5/9/csm_1001961-2_SEASONAL_1x1_228x128_B4_12_RET_0d91b21b40.png",
    "price": 3.49,
    "quantity": 0.2,
    "unitPrice": 17.95
  },
  {
    "name": "White Mill Cake in a Mug",
    "url": "https://www.aldi.com.au/en/groceries/limited-time-only/limited-time-only-detail/ps/p/white-mill-cake-in-a-mug-55g/",
    "img": "https://www.aldi.com.au/fileadmin/_processed_/b/3/csm_709129_DE_Q_01_1x1_d77f456bf4.png",
    "price": 0.99,
    "quantity": 0.055,
    "unitPrice": 18
  },
  {
    "name": "Pure Valley Salted Organic Butter",
    "url": "https://www.aldi.com.au/en/groceries/fresh-produce/dairy-eggs/dairy-eggs-detail/ps/p/pure-valley-salted-organic-butter-250g/",
    "img": "https://www.aldi.com.au/fileadmin/_processed_/7/5/csm_1001829-2_Q1-WEB-AUDIT_DAIRY-EGGS_1x1_228x128_15_RET_83f486cedd.png",
    "price": 4.49,
    "quantity": 0.249,
    "unitPrice": 18
  },
  {
    "name": "White Mill Cake in a Mug",
    "url": "https://www.aldi.com.au/en/groceries/limited-time-only/limited-time-only-detail/ps/p/white-mill-cake-in-a-mug-55g/",
    "img": "https://www.aldi.com.au/fileadmin/_processed_/b/3/csm_709129_DE_Q_01_1x1_d77f456bf4.png",
    "price": 0.99,
    "quantity": 0.055,
    "unitPrice": 18
  },
  {
    "name": "BBQ Rice Crackers",
    "url": "https://www.coles.com.au/product/coles-bbq-rice-crackers-approx.-100g-1948626",
    "img": "https://productimages.coles.com.au/productimages/1/1948626.jpg",
    "price": 1.8,
    "quantity": 0.1,
    "unitPrice": 18
  },
  {
    "name": "Soy Crisps",
    "url": "https://www.coles.com.au/product/coles-soy-crisps-approx.-100g-8416829",
    "img": "https://productimages.coles.com.au/productimages/8/8416829.jpg",
    "price": 1.8,
    "quantity": 0.1,
    "unitPrice": 18
  },
  {
    "name": "Dried Apricots",
    "url": "https://www.coles.com.au/product/coles-dried-apricots-approx.-100g-8417220",
    "img": "https://productimages.coles.com.au/productimages/8/8417220.jpg",
    "price": 1.8,
    "quantity": 0.1,
    "unitPrice": 18
  },
  {
    "name": "Chilli & Lime Soy Crisps",
    "url": "https://www.coles.com.au/product/coles-chilli-&-lime-soy-crisps-approx.-100g-8704110",
    "img": "https://productimages.coles.com.au/productimages/8/8704110.jpg",
    "price": 1.8,
    "quantity": 0.1,
    "unitPrice": 18
  },
  {
    "name": "Honey & Dijon Soy Crisps",
    "url": "https://www.coles.com.au/product/coles-honey-&-dijon-soy-crisps-approx.-100g-8704696",
    "img": "https://productimages.coles.com.au/productimages/8/8704696.jpg",
    "price": 1.8,
    "quantity": 0.1,
    "unitPrice": 18
  },
  {
    "name": "Chilli Fried Rice Crackers",
    "url": "https://www.coles.com.au/product/coles-chilli-fried-rice-crackers-approx.-100g-8725007",
    "img": "https://productimages.coles.com.au/productimages/8/8725007.jpg",
    "price": 1.8,
    "quantity": 0.1,
    "unitPrice": 18
  },
  {
    "name": "Pretzels",
    "url": "https://www.coles.com.au/product/coles-pretzels-approx.-100g-8726360",
    "img": "https://productimages.coles.com.au/productimages/8/8726360.jpg",
    "price": 1.8,
    "quantity": 0.1,
    "unitPrice": 18
  },
  {
    "name": "Instant Valilla Pudding",
    "url": "https://www.coles.com.au/product/cottees-instant-valilla-pudding-100g-8810751",
    "img": "https://productimages.coles.com.au/productimages/8/8810751.jpg",
    "price": 1.8,
    "quantity": 0.1,
    "unitPrice": 18
  },
  {
    "name": "Choc Mousse Layer",
    "url": "https://www.coles.com.au/product/white-wings-choc-mousse-layer-200g-4357943",
    "img": "https://productimages.coles.com.au/productimages/4/4357943.jpg",
    "price": 3.6,
    "quantity": 0.2,
    "unitPrice": 18
  },
  {
    "name": "Cheesecake Layer",
    "url": "https://www.coles.com.au/product/white-wings-cheesecake-layer-200g-4357954",
    "img": "https://productimages.coles.com.au/productimages/4/4357954.jpg",
    "price": 3.6,
    "quantity": 0.2,
    "unitPrice": 18
  },
  {
    "name": "Chocolate Sprinkles",
    "url": "https://www.coles.com.au/product/coles-chocolate-sprinkles-250g-3024130",
    "img": "https://productimages.coles.com.au/productimages/3/3024130.jpg",
    "price": 4.5,
    "quantity": 0.25,
    "unitPrice": 18
  },
  {
    "name": "Sweetener Granular",
    "url": "https://www.coles.com.au/product/natvia-sweetener-granular-300g-7497483",
    "img": "https://productimages.coles.com.au/productimages/7/7497483.jpg",
    "price": 5.4,
    "quantity": 0.3,
    "unitPrice": 18
  },
  {
    "name": "Instant Valilla Pudding",
    "url": "https://www.coles.com.au/product/cottees-instant-valilla-pudding-100g-8810751",
    "img": "https://productimages.coles.com.au/productimages/8/8810751.jpg",
    "price": 1.8,
    "quantity": 0.1,
    "unitPrice": 18
  },
  {
    "name": "Choc Mousse Layer",
    "url": "https://www.coles.com.au/product/white-wings-choc-mousse-layer-200g-4357943",
    "img": "https://productimages.coles.com.au/productimages/4/4357943.jpg",
    "price": 3.6,
    "quantity": 0.2,
    "unitPrice": 18
  },
  {
    "name": "Cheesecake Layer",
    "url": "https://www.coles.com.au/product/white-wings-cheesecake-layer-200g-4357954",
    "img": "https://productimages.coles.com.au/productimages/4/4357954.jpg",
    "price": 3.6,
    "quantity": 0.2,
    "unitPrice": 18
  },
  {
    "name": "Chocolate Sprinkles",
    "url": "https://www.coles.com.au/product/coles-chocolate-sprinkles-250g-3024130",
    "img": "https://productimages.coles.com.au/productimages/3/3024130.jpg",
    "price": 4.5,
    "quantity": 0.25,
    "unitPrice": 18
  },
  {
    "name": "Sweetener Granular",
    "url": "https://www.coles.com.au/product/natvia-sweetener-granular-300g-7497483",
    "img": "https://productimages.coles.com.au/productimages/7/7497483.jpg",
    "price": 5.4,
    "quantity": 0.3,
    "unitPrice": 18
  },
  {
    "name": "Rice Supergrain Panang Vegetable",
    "url": "https://www.coles.com.au/product/hart-&-soul-rice-supergrain-panang-vegetable-250g-3510149",
    "img": "https://productimages.coles.com.au/productimages/3/3510149.jpg",
    "price": 4.5,
    "quantity": 0.25,
    "unitPrice": 18
  },
  {
    "name": "Rice Supergrain Butter Chicken",
    "url": "https://www.coles.com.au/product/hart-&-soul-rice-supergrain-butter-chicken-250g-3510150",
    "img": "https://productimages.coles.com.au/productimages/3/3510150.jpg",
    "price": 4.5,
    "quantity": 0.25,
    "unitPrice": 18
  },
  {
    "name": "Supergrain Ready Meal Satay",
    "url": "https://www.coles.com.au/product/hart-&-soul-supergrain-ready-meal-satay-250g-3863670",
    "img": "https://productimages.coles.com.au/productimages/3/3863670.jpg",
    "price": 4.5,
    "quantity": 0.25,
    "unitPrice": 18
  },
  {
    "name": "Supergrain Ready Meal Teriyaki",
    "url": "https://www.coles.com.au/product/hart-&-soul-supergrain-supergrain-ready-meal-teriyaki-250g-3863681",
    "img": "https://productimages.coles.com.au/productimages/3/3863681.jpg",
    "price": 4.5,
    "quantity": 0.25,
    "unitPrice": 18
  },
  {
    "name": "Urban Coffee Culture Medium Roast Ground",
    "url": "https://www.coles.com.au/product/coles-urban-coffee-culture-medium-roast-ground-250g-3616387",
    "img": "https://productimages.coles.com.au/productimages/3/3616387.jpg",
    "price": 4.5,
    "quantity": 0.25,
    "unitPrice": 18
  },
  {
    "name": "Urban Coffee Culture Strong Ground Coffee",
    "url": "https://www.coles.com.au/product/coles-urban-coffee-culture-strong-ground-coffee-250g-3616401",
    "img": "https://productimages.coles.com.au/productimages/3/3616401.jpg",
    "price": 4.5,
    "quantity": 0.25,
    "unitPrice": 18
  },
  {
    "name": "Urban Coffee Culture Medium Roast Ground",
    "url": "https://www.coles.com.au/product/coles-urban-coffee-culture-medium-roast-ground-250g-3616387",
    "img": "https://productimages.coles.com.au/productimages/3/3616387.jpg",
    "price": 4.5,
    "quantity": 0.25,
    "unitPrice": 18
  },
  {
    "name": "Urban Coffee Culture Strong Ground Coffee",
    "url": "https://www.coles.com.au/product/coles-urban-coffee-culture-strong-ground-coffee-250g-3616401",
    "img": "https://productimages.coles.com.au/productimages/3/3616401.jpg",
    "price": 4.5,
    "quantity": 0.25,
    "unitPrice": 18
  },
  {
    "name": "Cumin Seeds",
    "url": "https://www.coles.com.au/product/pattu-cumin-seeds-200g-3339163",
    "img": "https://productimages.coles.com.au/productimages/3/3339163.jpg",
    "price": 3.5,
    "quantity": 0.2,
    "unitPrice": 18
  },
  {
    "name": "Cumin Powder",
    "url": "https://www.coles.com.au/product/pattu-cumin-powder-200g-3339174",
    "img": "https://productimages.coles.com.au/productimages/3/3339174.jpg",
    "price": 3.5,
    "quantity": 0.2,
    "unitPrice": 18
  },
  {
    "name": "Red Chilli Powder",
    "url": "https://www.coles.com.au/product/pattu-red-chilli-powder-200g-3339265",
    "img": "https://productimages.coles.com.au/productimages/3/3339265.jpg",
    "price": 3.5,
    "quantity": 0.2,
    "unitPrice": 18
  },
  {
    "name": "Plain Pappadams",
    "url": "https://www.coles.com.au/product/maharajah's-choice-large-plain-pappadams-100g-3475693",
    "img": "https://productimages.coles.com.au/productimages/3/3475693.jpg",
    "price": 1.8,
    "quantity": 0.1,
    "unitPrice": 18
  },
  {
    "name": "Hulled Tahini",
    "url": "https://www.coles.com.au/product/gaganis-hulled-tahini-375g-6094255",
    "img": "https://productimages.coles.com.au/productimages/6/6094255.jpg",
    "price": 6.75,
    "quantity": 0.375,
    "unitPrice": 18
  },
  {
    "name": "Squeeze",
    "url": "https://www.coles.com.au/product/b-honey-squeeze-750g-5038656",
    "img": "https://productimages.coles.com.au/productimages/5/5038656.jpg",
    "price": 13.5,
    "quantity": 0.75,
    "unitPrice": 18
  },
  {
    "name": "Traditional Gravy Mix",
    "url": "https://www.coles.com.au/product/coles-traditional-gravy-mix-120g-7755159",
    "img": "https://productimages.coles.com.au/productimages/7/7755159.jpg",
    "price": 2.1,
    "quantity": 0.12,
    "unitPrice": 18
  },
  {
    "name": "Chicken Gravy Mix",
    "url": "https://www.coles.com.au/product/coles-chicken-gravy-mix-120g-7755160",
    "img": "https://productimages.coles.com.au/productimages/7/7755160.jpg",
    "price": 2.1,
    "quantity": 0.12,
    "unitPrice": 18
  },
  {
    "name": "Instant Roast Meat Gravy Mix",
    "url": "https://www.coles.com.au/product/coles-instant-roast-meat-gravy-mix-120g-7755170",
    "img": "https://productimages.coles.com.au/productimages/7/7755170.jpg",
    "price": 2.1,
    "quantity": 0.12,
    "unitPrice": 18
  },
  {
    "name": "Gluten Free Real Gourmet Stock Powder Canned",
    "url": "https://www.coles.com.au/product/vegeta-gluten-free-real-gourmet-stock-powder-canned-250g-134110",
    "img": "https://productimages.coles.com.au/productimages/1/134110.jpg",
    "price": 4.5,
    "quantity": 0.25,
    "unitPrice": 18
  },
  {
    "name": "Lamb Loin Chops Bulk",
    "url": "https://www.coles.com.au/product/coles-lamb-loin-chops-bulk-approx.-890g-3292300",
    "img": "https://productimages.coles.com.au/productimages/3/3292300.jpg",
    "price": 16.02,
    "quantity": 0.89,
    "unitPrice": 18
  },
  {
    "name": "BUTCHER HAM STEAKS",
    "url": "https://www.coles.com.au/product/coles-butcher-ham-steaks-375g-5986922",
    "img": "https://productimages.coles.com.au/productimages/5/5986922.jpg",
    "price": 6.75,
    "quantity": 0.375,
    "unitPrice": 18
  },
  {
    "name": "Gluten Free Beef Burgers Graze Grass Fed Oregano & Fresh Parsley",
    "url": "https://www.coles.com.au/product/coles-gluten-free-beef-burgers-graze-grass-fed-oregano-&-fresh-parsley-500g-2529470",
    "img": "https://productimages.coles.com.au/productimages/2/2529470.jpg",
    "price": 9,
    "quantity": 0.5,
    "unitPrice": 18
  },
  {
    "name": "RSPCA Approved Chicken Spicy Buttermilk Wings",
    "url": "https://www.coles.com.au/product/coles-rspca-approved-chicken-spicy-buttermilk-wings-500g-3838593",
    "img": "https://productimages.coles.com.au/productimages/3/3838593.jpg",
    "price": 9,
    "quantity": 0.5,
    "unitPrice": 18
  },
  {
    "name": "Meatballs",
    "url": "https://www.coles.com.au/product/coles-finest-meatballs-500g-4209866",
    "img": "https://productimages.coles.com.au/productimages/4/4209866.jpg",
    "price": 9,
    "quantity": 0.5,
    "unitPrice": 18
  },
  {
    "name": "The Outback BBQ Beef & Pork Burgers",
    "url": "https://www.coles.com.au/product/three-aussie-farmers-the-outback-bbq-beef-&-pork-burgers-500g-5175249",
    "img": "https://productimages.coles.com.au/productimages/5/5175249.jpg",
    "price": 9,
    "quantity": 0.5,
    "unitPrice": 18
  },
  {
    "name": "No Added Hormone Beef 4 Star Lean Mince",
    "url": "https://www.coles.com.au/product/coles-no-added-hormone-beef-4-star-lean-mince-500g-8112449",
    "img": "https://productimages.coles.com.au/productimages/8/8112449.jpg",
    "price": 9,
    "quantity": 0.5,
    "unitPrice": 18
  },
  {
    "name": "RSPCA Approved Chicken Breast Stir Fry                 ",
    "url": "https://www.coles.com.au/product/coles-rspca-approved-chicken-breast-stir-fry------------------approx.-700g-2263292",
    "img": "https://productimages.coles.com.au/productimages/2/2263292.jpg",
    "price": 12.6,
    "quantity": 0.7,
    "unitPrice": 18
  },
  {
    "name": "No Added Hormone Beef Roast Topside",
    "url": "https://www.coles.com.au/product/coles-no-added-hormone-beef-roast-topside-approx.-1.3kg-3492637",
    "img": "https://productimages.coles.com.au/productimages/3/3492637.jpg",
    "price": 23.4,
    "quantity": 1.3,
    "unitPrice": 18
  },
  {
    "name": "Graze Grassfed Blade Roast",
    "url": "https://www.coles.com.au/product/coles-graze-grassfed-blade-roast-approx.-1.4kg-5176591",
    "img": "https://productimages.coles.com.au/productimages/5/5176591.jpg",
    "price": 25.2,
    "quantity": 1.4,
    "unitPrice": 18
  },
  {
    "name": "Lamb Loin Chops Bulk",
    "url": "https://www.coles.com.au/product/coles-lamb-loin-chops-bulk-approx.-890g-3292300",
    "img": "https://productimages.coles.com.au/productimages/3/3292300.jpg",
    "price": 16.02,
    "quantity": 0.89,
    "unitPrice": 18
  },
  {
    "name": "BUTCHER HAM STEAKS",
    "url": "https://www.coles.com.au/product/coles-butcher-ham-steaks-375g-5986922",
    "img": "https://productimages.coles.com.au/productimages/5/5986922.jpg",
    "price": 6.75,
    "quantity": 0.375,
    "unitPrice": 18
  },
  {
    "name": "York Foods Lard",
    "url": "https://www.woolworths.com.au/shop/productdetails/794705",
    "img": "https://cdn0.woolworths.media/content/wowproductimages/medium/794705.jpg",
    "price": 4.5,
    "quantity": 0.25,
    "unitPrice": 18
  },
  {
    "name": "Woolworths Balsamic Vinegar",
    "url": "https://www.woolworths.com.au/shop/productdetails/257302",
    "img": "https://cdn0.woolworths.media/content/wowproductimages/medium/257302.jpg",
    "price": 4.5,
    "quantity": 0.25,
    "unitPrice": 18
  },
  {
    "name": "Moro Extra Virgin Olive Oil",
    "url": "https://www.woolworths.com.au/shop/productdetails/83991",
    "img": "https://cdn0.woolworths.media/content/wowproductimages/medium/083991.jpg",
    "price": 18,
    "quantity": 1,
    "unitPrice": 18
  },
  {
    "name": "Moro Light Taste Olive Oil",
    "url": "https://www.woolworths.com.au/shop/productdetails/370440",
    "img": "https://cdn0.woolworths.media/content/wowproductimages/medium/370440.jpg",
    "price": 18,
    "quantity": 1,
    "unitPrice": 18
  },
  {
    "name": "Monini Grapeseed Oil",
    "url": "https://www.woolworths.com.au/shop/productdetails/807202",
    "img": "https://cdn0.woolworths.media/content/wowproductimages/medium/807202.jpg",
    "price": 13.5,
    "quantity": 0.75,
    "unitPrice": 18
  },
  {
    "name": "Azalea Grape Seed Oil",
    "url": "https://www.woolworths.com.au/shop/productdetails/71586",
    "img": "https://cdn0.woolworths.media/content/wowproductimages/medium/071586.jpg",
    "price": 18,
    "quantity": 1,
    "unitPrice": 18
  },
  {
    "name": "Moro Mild Taste",
    "url": "https://www.woolworths.com.au/shop/productdetails/97745",
    "img": "https://cdn0.woolworths.media/content/wowproductimages/medium/097745.jpg",
    "price": 18,
    "quantity": 1,
    "unitPrice": 18
  },
  {
    "name": "Woolworths Vannamei Prawns Small Cooked Thawed",
    "url": "https://www.woolworths.com.au/shop/productdetails/190683",
    "img": "https://cdn0.woolworths.media/content/wowproductimages/medium/190683.jpg",
    "price": 18,
    "quantity": 1,
    "unitPrice": 18
  },
  {
    "name": "Woolworths Free From Gluten Apple Pie",
    "url": "https://www.woolworths.com.au/shop/productdetails/808590",
    "img": "https://cdn0.woolworths.media/content/wowproductimages/medium/808590.jpg",
    "price": 13.5,
    "quantity": 0.75,
    "unitPrice": 18
  },
  {
    "name": "San Remo Pulse Pasta Red Lentils",
    "url": "https://www.woolworths.com.au/shop/productdetails/679127",
    "img": "https://cdn0.woolworths.media/content/wowproductimages/medium/679127.jpg",
    "price": 4.5,
    "quantity": 0.25,
    "unitPrice": 18
  },
  {
    "name": "San Remo Pasta Pulse Penne",
    "url": "https://www.woolworths.com.au/shop/productdetails/619426",
    "img": "https://cdn0.woolworths.media/content/wowproductimages/medium/619426.jpg",
    "price": 4.5,
    "quantity": 0.25,
    "unitPrice": 18
  },
  {
    "name": "San Remo Gluten Free Brown Rice Penne",
    "url": "https://www.woolworths.com.au/shop/productdetails/647730",
    "img": "https://cdn0.woolworths.media/content/wowproductimages/medium/647730.jpg",
    "price": 4.5,
    "quantity": 0.25,
    "unitPrice": 18
  },
  {
    "name": "San Remo Spirals Spelt Pasta",
    "url": "https://www.woolworths.com.au/shop/productdetails/739878",
    "img": "https://cdn0.woolworths.media/content/wowproductimages/medium/739878.jpg",
    "price": 4.5,
    "quantity": 0.25,
    "unitPrice": 18
  },
  {
    "name": "San Remo Pasta Chickpea Spirals",
    "url": "https://www.woolworths.com.au/shop/productdetails/619463",
    "img": "https://cdn0.woolworths.media/content/wowproductimages/medium/619463.jpg",
    "price": 4.5,
    "quantity": 0.25,
    "unitPrice": 18
  },
  {
    "name": "Woolworths Lean Beef Mince",
    "url": "https://www.woolworths.com.au/shop/productdetails/577861",
    "img": "https://cdn0.woolworths.media/content/wowproductimages/medium/577861.jpg",
    "price": 9,
    "quantity": 0.5,
    "unitPrice": 18
  },
  {
    "name": "Woolworths Shortcut Bacon",
    "url": "https://www.woolworths.com.au/shop/productdetails/55374",
    "img": "https://cdn0.woolworths.media/content/wowproductimages/medium/055374.jpg",
    "price": 9,
    "quantity": 0.5,
    "unitPrice": 18
  },
  {
    "name": "Macro Chicken Mince Free Range",
    "url": "https://www.woolworths.com.au/shop/productdetails/705461",
    "img": "https://cdn0.woolworths.media/content/wowproductimages/medium/705461.jpg",
    "price": 9,
    "quantity": 0.5,
    "unitPrice": 18
  },
  {
    "name": "Woolworths Italian Style Fennel Pork Sausages",
    "url": "https://www.woolworths.com.au/shop/productdetails/83729",
    "img": "https://cdn0.woolworths.media/content/wowproductimages/medium/083729.jpg",
    "price": 9,
    "quantity": 0.5,
    "unitPrice": 18
  },
  {
    "name": "Woolworths Fetta & Spinach Chicken Sausages",
    "url": "https://www.woolworths.com.au/shop/productdetails/83727",
    "img": "https://cdn0.woolworths.media/content/wowproductimages/medium/083727.jpg",
    "price": 9,
    "quantity": 0.5,
    "unitPrice": 18
  },
  {
    "name": "Woolworths Classic Cumberland Pork Sausages",
    "url": "https://www.woolworths.com.au/shop/productdetails/83728",
    "img": "https://cdn0.woolworths.media/content/wowproductimages/medium/083728.jpg",
    "price": 9,
    "quantity": 0.5,
    "unitPrice": 18
  },
  {
    "name": "Macro Grass Fed Beef Burger",
    "url": "https://www.woolworths.com.au/shop/productdetails/175567",
    "img": "https://cdn0.woolworths.media/content/wowproductimages/medium/175567.jpg",
    "price": 9,
    "quantity": 0.5,
    "unitPrice": 18
  },
  {
    "name": "Macro Grass Fed Beef Sausage",
    "url": "https://www.woolworths.com.au/shop/productdetails/175566",
    "img": "https://cdn0.woolworths.media/content/wowproductimages/medium/175566.jpg",
    "price": 9,
    "quantity": 0.5,
    "unitPrice": 18
  },
  {
    "name": "Woolworths Chorizo With Roasted Garlic Sausages",
    "url": "https://www.woolworths.com.au/shop/productdetails/231672",
    "img": "https://cdn0.woolworths.media/content/wowproductimages/medium/231672.jpg",
    "price": 9,
    "quantity": 0.5,
    "unitPrice": 18
  },
  {
    "name": "Woolworths Cook Lamb Shanks With Red Wine & Rosemary",
    "url": "https://www.woolworths.com.au/shop/productdetails/83111",
    "img": "https://cdn0.woolworths.media/content/wowproductimages/medium/083111.jpg",
    "price": 22.5,
    "quantity": 1.25,
    "unitPrice": 18
  },
  {
    "name": "Woolworths Bbq Beef Chuck Burgers With Garlic & Cracked Pepper",
    "url": "https://www.woolworths.com.au/shop/productdetails/97469",
    "img": "https://cdn0.woolworths.media/content/wowproductimages/medium/097469.jpg",
    "price": 9,
    "quantity": 0.5,
    "unitPrice": 18
  },
  {
    "name": "Royal Bacon Co Bacon Ends",
    "url": "https://www.woolworths.com.au/shop/productdetails/97477",
    "img": "https://cdn0.woolworths.media/content/wowproductimages/medium/097477.jpg",
    "price": 9,
    "quantity": 0.5,
    "unitPrice": 18
  },
  {
    "name": "Masterfoods Finely Crushed Garlic",
    "url": "https://www.woolworths.com.au/shop/productdetails/9096",
    "img": "https://cdn0.woolworths.media/content/wowproductimages/medium/009096.jpg",
    "price": 3,
    "quantity": 0.17,
    "unitPrice": 18
  },
  {
    "name": "Uncle Tobys Oats Quick Sachets Creamy Honey Porridge",
    "url": "https://www.woolworths.com.au/shop/productdetails/148364",
    "img": "https://cdn0.woolworths.media/content/wowproductimages/medium/148364.jpg",
    "price": 6.3,
    "quantity": 0.35,
    "unitPrice": 18
  },
  {
    "name": "Uncle Tobys Oats Quick Sachets Berry Variety Porridge",
    "url": "https://www.woolworths.com.au/shop/productdetails/147406",
    "img": "https://cdn0.woolworths.media/content/wowproductimages/medium/147406.jpg",
    "price": 6.3,
    "quantity": 0.35,
    "unitPrice": 18
  },
  {
    "name": "Uncle Tobys Oats Quick Sachets Brown Sugar & Cinnamon Porridge",
    "url": "https://www.woolworths.com.au/shop/productdetails/148885",
    "img": "https://cdn0.woolworths.media/content/wowproductimages/medium/148885.jpg",
    "price": 6.3,
    "quantity": 0.35,
    "unitPrice": 18
  },
  {
    "name": "Uncle Tobys Oats Quick Sachets Creamy Vanilla Porridge",
    "url": "https://www.woolworths.com.au/shop/productdetails/147588",
    "img": "https://cdn0.woolworths.media/content/wowproductimages/medium/147588.jpg",
    "price": 6.3,
    "quantity": 0.35,
    "unitPrice": 18
  },
  {
    "name": "Uncle Tobys Oats Quick Sachets Apple & Cinnamon Porridge",
    "url": "https://www.woolworths.com.au/shop/productdetails/149866",
    "img": "https://cdn0.woolworths.media/content/wowproductimages/medium/149866.jpg",
    "price": 6.3,
    "quantity": 0.35,
    "unitPrice": 18
  },
  {
    "name": "Uncle Tobys Oats Quick Sachets Fruit Variety Porridge",
    "url": "https://www.woolworths.com.au/shop/productdetails/147398",
    "img": "https://cdn0.woolworths.media/content/wowproductimages/medium/147398.jpg",
    "price": 6.3,
    "quantity": 0.35,
    "unitPrice": 18
  },
  {
    "name": "Nature Nate's 100% Pure Australian Raw & Unfiltered Honey",
    "url": "https://www.woolworths.com.au/shop/productdetails/99801",
    "img": "https://cdn0.woolworths.media/content/wowproductimages/medium/099801.jpg",
    "price": 9,
    "quantity": 0.5,
    "unitPrice": 18
  },
  {
    "name": "Woolworths Gravy Mix Traditional",
    "url": "https://www.woolworths.com.au/shop/productdetails/250679",
    "img": "https://cdn0.woolworths.media/content/wowproductimages/medium/250679.jpg",
    "price": 2.1,
    "quantity": 0.12,
    "unitPrice": 18
  },
  {
    "name": "Woolworths Roast Meat Flavoured Instant Gravy",
    "url": "https://www.woolworths.com.au/shop/productdetails/250677",
    "img": "https://cdn0.woolworths.media/content/wowproductimages/medium/250677.jpg",
    "price": 2.1,
    "quantity": 0.12,
    "unitPrice": 18
  },
  {
    "name": "Woolworths Flavoured Instant Gravy Chicken",
    "url": "https://www.woolworths.com.au/shop/productdetails/250675",
    "img": "https://cdn0.woolworths.media/content/wowproductimages/medium/250675.jpg",
    "price": 2.1,
    "quantity": 0.12,
    "unitPrice": 18
  },
  {
    "name": "Woolworths Brown Onion Instant Gravy",
    "url": "https://www.woolworths.com.au/shop/productdetails/250673",
    "img": "https://cdn0.woolworths.media/content/wowproductimages/medium/250673.jpg",
    "price": 2.1,
    "quantity": 0.12,
    "unitPrice": 18
  },
  {
    "name": "Praise Burger Sauce Aioli",
    "url": "https://www.woolworths.com.au/shop/productdetails/694025",
    "img": "https://cdn0.woolworths.media/content/wowproductimages/medium/694025.jpg",
    "price": 4.5,
    "quantity": 0.25,
    "unitPrice": 18
  },
  {
    "name": "Cottee's Instant Vanilla Pudding Vanilla",
    "url": "https://www.woolworths.com.au/shop/productdetails/137364",
    "img": "https://cdn0.woolworths.media/content/wowproductimages/medium/137364.jpg",
    "price": 1.8,
    "quantity": 0.1,
    "unitPrice": 18
  },
  {
    "name": "White Wings Chocolate Mousse Mix",
    "url": "https://www.woolworths.com.au/shop/productdetails/141729",
    "img": "https://cdn0.woolworths.media/content/wowproductimages/medium/141729.jpg",
    "price": 3.6,
    "quantity": 0.2,
    "unitPrice": 18
  },
  {
    "name": "White Wings Cheesecake Layer Mix",
    "url": "https://www.woolworths.com.au/shop/productdetails/141161",
    "img": "https://cdn0.woolworths.media/content/wowproductimages/medium/141161.jpg",
    "price": 3.6,
    "quantity": 0.2,
    "unitPrice": 18
  },
  {
    "name": "Whole Earth Stevia Sugar Replacement",
    "url": "https://www.woolworths.com.au/shop/productdetails/251041",
    "img": "https://cdn0.woolworths.media/content/wowproductimages/medium/251041.jpg",
    "price": 10.8,
    "quantity": 0.6,
    "unitPrice": 18
  },
  {
    "name": "Woolworths Soft & Juicy Pitted Dates",
    "url": "https://www.woolworths.com.au/shop/productdetails/821562",
    "img": "https://cdn0.woolworths.media/content/wowproductimages/medium/821562.jpg",
    "price": 4.5,
    "quantity": 0.25,
    "unitPrice": 18
  },
  {
    "name": "Woolworths Soft & Juicy Figs",
    "url": "https://www.woolworths.com.au/shop/productdetails/821561",
    "img": "https://cdn0.woolworths.media/content/wowproductimages/medium/821561.jpg",
    "price": 4.5,
    "quantity": 0.25,
    "unitPrice": 18
  },
  {
    "name": "Woolworths Soft & Juicy Apricots",
    "url": "https://www.woolworths.com.au/shop/productdetails/83293",
    "img": "https://cdn0.woolworths.media/content/wowproductimages/medium/083293.jpg",
    "price": 4.5,
    "quantity": 0.25,
    "unitPrice": 18
  },
  {
    "name": "Steggles Crumbed Chicken Breast Fingers",
    "url": "https://www.woolworths.com.au/shop/productdetails/705144",
    "img": "https://cdn0.woolworths.media/content/wowproductimages/medium/705144.jpg",
    "price": 6.5,
    "quantity": 0.36,
    "unitPrice": 18.06
  },
  {
    "name": "Pariser",
    "url": "https://www.coles.com.au/product/don-pariser-approx.-100g-5186777",
    "img": "https://productimages.coles.com.au/productimages/5/5186777.jpg",
    "price": 1.81,
    "quantity": 0.1,
    "unitPrice": 18.1
  },
  {
    "name": "Pariser",
    "url": "https://www.coles.com.au/product/don-pariser-approx.-100g-5186777",
    "img": "https://productimages.coles.com.au/productimages/5/5186777.jpg",
    "price": 1.81,
    "quantity": 0.1,
    "unitPrice": 18.1
  },
  {
    "name": "Sweet & Sour Sauce",
    "url": "https://www.coles.com.au/product/lee-kum-kee-sweet-&-sour-sauce-240g-5856010",
    "img": "https://productimages.coles.com.au/productimages/5/5856010.jpg",
    "price": 4.35,
    "quantity": 0.24,
    "unitPrice": 18.1
  },
  {
    "name": "Ice Cream KitKat Ice Cream Stick 4 pack",
    "url": "https://www.coles.com.au/product/nestle-ice-cream-kitkat-ice-cream-stick-4-pack-360ml-4233248",
    "img": "https://productimages.coles.com.au/productimages/4/4233248.jpg",
    "price": 6.5,
    "quantity": 0.36,
    "unitPrice": 18.1
  },
  {
    "name": "Frozen Prawn Gyoza",
    "url": "https://www.coles.com.au/product/kb-frozen-prawn-gyoza-750g-1548719",
    "img": "https://productimages.coles.com.au/productimages/1/1548719.jpg",
    "price": 13.6,
    "quantity": 0.75,
    "unitPrice": 18.1
  },
  {
    "name": "Frozen Vegetable Gyoza",
    "url": "https://www.coles.com.au/product/kb-frozen-vegetable-gyoza-750g-2815151",
    "img": "https://productimages.coles.com.au/productimages/2/2815151.jpg",
    "price": 13.6,
    "quantity": 0.75,
    "unitPrice": 18.1
  },
  {
    "name": "Frozen Prawn Hargow",
    "url": "https://www.coles.com.au/product/kb-frozen-prawn-hargow-750g-3051074",
    "img": "https://productimages.coles.com.au/productimages/3/3051074.jpg",
    "price": 13.6,
    "quantity": 0.75,
    "unitPrice": 18.1
  },
  {
    "name": "Gyoza Chicken",
    "url": "https://www.coles.com.au/product/kb-gyoza-chicken-750g-4405332",
    "img": "https://productimages.coles.com.au/productimages/4/4405332.jpg",
    "price": 13.6,
    "quantity": 0.75,
    "unitPrice": 18.1
  },
  {
    "name": "Gyoza Pork",
    "url": "https://www.coles.com.au/product/kb-gyoza-pork-750g-4406007",
    "img": "https://productimages.coles.com.au/productimages/4/4406007.jpg",
    "price": 13.6,
    "quantity": 0.75,
    "unitPrice": 18.1
  },
  {
    "name": "Pork Soup Dumpling",
    "url": "https://www.coles.com.au/product/kb's-pork-soup-dumpling-750g-6521673",
    "img": "https://productimages.coles.com.au/productimages/6/6521673.jpg",
    "price": 13.6,
    "quantity": 0.75,
    "unitPrice": 18.1
  },
  {
    "name": "Cocobella Protein Yoghurt Vanilla",
    "url": "https://www.woolworths.com.au/shop/productdetails/275782",
    "img": "https://cdn0.woolworths.media/content/wowproductimages/medium/275782.jpg",
    "price": 2.9,
    "quantity": 0.16,
    "unitPrice": 18.1
  },
  {
    "name": "Natural Nut Mix",
    "url": "https://www.coles.com.au/product/market-lane-natural-nut-mix-1100g-5615556",
    "img": "https://productimages.coles.com.au/productimages/5/5615556.jpg",
    "price": 20,
    "quantity": 1.1,
    "unitPrice": 18.18
  },
  {
    "name": "Mini Lemon Cheesecake",
    "url": "https://www.coles.com.au/product/greens-mini-lemon-cheesecake-275g-5554407",
    "img": "https://productimages.coles.com.au/productimages/5/5554407.jpg",
    "price": 5,
    "quantity": 0.275,
    "unitPrice": 18.2
  },
  {
    "name": "Mini Lemon Cheesecake",
    "url": "https://www.coles.com.au/product/greens-mini-lemon-cheesecake-275g-5554407",
    "img": "https://productimages.coles.com.au/productimages/5/5554407.jpg",
    "price": 5,
    "quantity": 0.275,
    "unitPrice": 18.2
  },
  {
    "name": "Easy Mac And Cheese Cheesy Chicken Pasta Macaroni Noodles",
    "url": "https://www.coles.com.au/product/kraft-easy-mac-and-cheese-cheesy-chicken-pasta-macaroni-noodles-280g-4770509",
    "img": "https://productimages.coles.com.au/productimages/4/4770509.jpg",
    "price": 5.1,
    "quantity": 0.28,
    "unitPrice": 18.2
  },
  {
    "name": "Easy Mac And Cheese Original Cheese Pasta Macaroni Noodles",
    "url": "https://www.coles.com.au/product/kraft-easy-mac-and-cheese-original-cheese-pasta-macaroni-noodles-280g-9789300",
    "img": "https://productimages.coles.com.au/productimages/9/9789300.jpg",
    "price": 5.1,
    "quantity": 0.28,
    "unitPrice": 18.2
  },
  {
    "name": "Beef Massaman Noodle Bowl",
    "url": "https://www.coles.com.au/product/suimin-origins-beef-massaman-noodle-bowl-137g-3302389",
    "img": "https://productimages.coles.com.au/productimages/3/3302389.jpg",
    "price": 2.5,
    "quantity": 0.137,
    "unitPrice": 18.2
  },
  {
    "name": "Bao Bun Meal Kit",
    "url": "https://www.coles.com.au/product/marion's-kitchen-bao-bun-meal-kit-340g-5368140",
    "img": "https://productimages.coles.com.au/productimages/5/5368140.jpg",
    "price": 6.2,
    "quantity": 0.34,
    "unitPrice": 18.2
  },
  {
    "name": "Ice Cream Classic Tub",
    "url": "https://www.coles.com.au/product/magnum-ice-cream-classic-tub-440ml-2976140",
    "img": "https://productimages.coles.com.au/productimages/2/2976140.jpg",
    "price": 8,
    "quantity": 0.44,
    "unitPrice": 18.2
  },
  {
    "name": "Ice Cream Luxe Salted Caramel Tub",
    "url": "https://www.coles.com.au/product/magnum-ice-cream-luxe-salted-caramel-tub-440ml-3713634",
    "img": "https://productimages.coles.com.au/productimages/3/3713634.jpg",
    "price": 8,
    "quantity": 0.44,
    "unitPrice": 18.2
  },
  {
    "name": "Ice Cream Luxe Gold Caramelised Chocolate Tub",
    "url": "https://www.coles.com.au/product/magnum-ice-cream-luxe-gold-caramelised-chocolate-tub-440ml-3955983",
    "img": "https://productimages.coles.com.au/productimages/3/3955983.jpg",
    "price": 8,
    "quantity": 0.44,
    "unitPrice": 18.2
  },
  {
    "name": "Ice Cream Sweet & Salty Almond",
    "url": "https://www.coles.com.au/product/magnum-ice-cream-sweet-&-salty-almond-440ml-5018660",
    "img": "https://productimages.coles.com.au/productimages/5/5018660.jpg",
    "price": 8,
    "quantity": 0.44,
    "unitPrice": 18.2
  },
  {
    "name": "Cocobella Yoghurt Pouch Vanilla",
    "url": "https://www.woolworths.com.au/shop/productdetails/275021",
    "img": "https://cdn0.woolworths.media/content/wowproductimages/medium/275021.jpg",
    "price": 2,
    "quantity": 0.11,
    "unitPrice": 18.2
  },
  {
    "name": "Cocobella Yoghurt Pouch Strawberry",
    "url": "https://www.woolworths.com.au/shop/productdetails/277286",
    "img": "https://cdn0.woolworths.media/content/wowproductimages/medium/277286.jpg",
    "price": 2,
    "quantity": 0.11,
    "unitPrice": 18.2
  },
  {
    "name": "Cocobella Yoghurt Pouch Mango",
    "url": "https://www.woolworths.com.au/shop/productdetails/275660",
    "img": "https://cdn0.woolworths.media/content/wowproductimages/medium/275660.jpg",
    "price": 2,
    "quantity": 0.11,
    "unitPrice": 18.2
  },
  {
    "name": "Primo Sausages Polish Sliced",
    "url": "https://www.woolworths.com.au/shop/productdetails/77504",
    "img": "https://cdn0.woolworths.media/content/wowproductimages/medium/077504.jpg",
    "price": 18.2,
    "quantity": 1,
    "unitPrice": 18.2
  },
  {
    "name": "Arnott's Shapes Vegemite & Cheese Cracker Biscuits",
    "url": "https://www.woolworths.com.au/shop/productdetails/812783",
    "img": "https://cdn0.woolworths.media/content/wowproductimages/medium/812783.jpg",
    "price": 3,
    "quantity": 0.165,
    "unitPrice": 18.2
  },
  {
    "name": "Beechworth Bee Cause 100% Australian Bush Honey Jar",
    "url": "https://www.woolworths.com.au/shop/productdetails/238274",
    "img": "https://cdn0.woolworths.media/content/wowproductimages/medium/238274.jpg",
    "price": 10,
    "quantity": 0.55,
    "unitPrice": 18.2
  },
  {
    "name": "Kellogg's Special K High Fibre Breakfast Cereal",
    "url": "https://www.woolworths.com.au/shop/productdetails/187222",
    "img": "https://cdn0.woolworths.media/content/wowproductimages/medium/187222.jpg",
    "price": 7,
    "quantity": 0.385,
    "unitPrice": 18.2
  },
  {
    "name": "Simply Wize Crusty Bread Mix Gluten Free",
    "url": "https://www.woolworths.com.au/shop/productdetails/347332",
    "img": "https://cdn0.woolworths.media/content/wowproductimages/medium/347332.jpg",
    "price": 6,
    "quantity": 0.33,
    "unitPrice": 18.2
  },
  {
    "name": "Instant Mashed Onion Potato",
    "url": "https://www.coles.com.au/product/deb-instant-mashed-onion-potato-115g-132646",
    "img": "https://productimages.coles.com.au/productimages/1/132646.jpg",
    "price": 2.1,
    "quantity": 0.115,
    "unitPrice": 18.26
  },
  {
    "name": "Continental Instant Mashed Potato Deb Mash",
    "url": "https://www.woolworths.com.au/shop/productdetails/34119",
    "img": "https://cdn0.woolworths.media/content/wowproductimages/medium/034119.jpg",
    "price": 2.1,
    "quantity": 0.115,
    "unitPrice": 18.26
  },
  {
    "name": "Continental Instant Mashed Potato Deb Mash",
    "url": "https://www.woolworths.com.au/shop/productdetails/34119",
    "img": "https://cdn0.woolworths.media/content/wowproductimages/medium/034119.jpg",
    "price": 2.1,
    "quantity": 0.115,
    "unitPrice": 18.26
  },
  {
    "name": "World Kitchen Pork & Ginger Dumplings",
    "url": "https://www.aldi.com.au/en/groceries/limited-time-only/limited-time-only-detail/ps/p/world-kitchen-pork-ginger-dumplings-300g/",
    "img": "https://www.aldi.com.au/fileadmin/_processed_/7/0/csm_1000274-1_LTO_1x1__W34__228x128_3_RET_4f0da407d2.png",
    "price": 5.49,
    "quantity": 0.3,
    "unitPrice": 18.3
  },
  {
    "name": "World Kitchen Pork & Ginger Dumplings",
    "url": "https://www.aldi.com.au/en/groceries/limited-time-only/limited-time-only-detail/ps/p/world-kitchen-pork-ginger-dumplings-300g/",
    "img": "https://www.aldi.com.au/fileadmin/_processed_/7/0/csm_1000274-1_LTO_1x1__W34__228x128_3_RET_4f0da407d2.png",
    "price": 5.49,
    "quantity": 0.3,
    "unitPrice": 18.3
  },
  {
    "name": "Tennis Biscuits",
    "url": "https://www.coles.com.au/product/bakers-tennis-biscuits-200g-7065944",
    "img": "https://productimages.coles.com.au/productimages/7/7065944.jpg",
    "price": 3.65,
    "quantity": 0.2,
    "unitPrice": 18.3
  },
  {
    "name": "BBQ Coated Peanuts",
    "url": "https://www.coles.com.au/product/koh-kae-bbq-coated-peanuts-230g-3305671",
    "img": "https://productimages.coles.com.au/productimages/3/3305671.jpg",
    "price": 4.2,
    "quantity": 0.23,
    "unitPrice": 18.3
  },
  {
    "name": "Wasabi Flavour Mayonnaise",
    "url": "https://www.coles.com.au/product/kewpie-wasabi-flavour-mayonnaise-300g-2021500",
    "img": "https://productimages.coles.com.au/productimages/2/2021500.jpg",
    "price": 5.5,
    "quantity": 0.3,
    "unitPrice": 18.3
  },
  {
    "name": "Mayonnaise Sriracha",
    "url": "https://www.coles.com.au/product/kewpie-mayonnaise-sriracha-300g-3716009",
    "img": "https://productimages.coles.com.au/productimages/3/3716009.jpg",
    "price": 5.5,
    "quantity": 0.3,
    "unitPrice": 18.3
  },
  {
    "name": "Mayonnaise 50% Reduced Fat",
    "url": "https://www.coles.com.au/product/kewpie-mayonnaise-50%-reduced-fat-300g-3736957",
    "img": "https://productimages.coles.com.au/productimages/3/3736957.jpg",
    "price": 5.5,
    "quantity": 0.3,
    "unitPrice": 18.3
  },
  {
    "name": "Mayonnaise Yuzu Flavour",
    "url": "https://www.coles.com.au/product/kewpie-mayonnaise-yuzu-flavour-300g-3736979",
    "img": "https://productimages.coles.com.au/productimages/3/3736979.jpg",
    "price": 5.5,
    "quantity": 0.3,
    "unitPrice": 18.3
  },
  {
    "name": "Mayonnaise",
    "url": "https://www.coles.com.au/product/kewpie-mayonnaise-300g-4604984",
    "img": "https://productimages.coles.com.au/productimages/4/4604984.jpg",
    "price": 5.5,
    "quantity": 0.3,
    "unitPrice": 18.3
  },
  {
    "name": "Napolitanke Wafers Hazelnut",
    "url": "https://www.coles.com.au/product/kras-napolitanke-wafers-hazelnut-327g-6841222",
    "img": "https://productimages.coles.com.au/productimages/6/6841222.jpg",
    "price": 6,
    "quantity": 0.327,
    "unitPrice": 18.3
  },
  {
    "name": "Vegetable Samosas 10 Pack",
    "url": "https://www.coles.com.au/product/coles-vegetable-samosas-10-pack-300g-2482081",
    "img": "https://productimages.coles.com.au/productimages/2/2482081.jpg",
    "price": 5.5,
    "quantity": 0.3,
    "unitPrice": 18.3
  },
  {
    "name": "Corn Fritters 10 Pack",
    "url": "https://www.coles.com.au/product/coles-corn-fritters-10-pack-300g-3051154",
    "img": "https://productimages.coles.com.au/productimages/3/3051154.jpg",
    "price": 5.5,
    "quantity": 0.3,
    "unitPrice": 18.3
  },
  {
    "name": "Rustica Thin & Crispy Margherita",
    "url": "https://www.coles.com.au/product/mccain-rustica-thin-&-crispy-margherita-360g-6839560",
    "img": "https://productimages.coles.com.au/productimages/6/6839560.jpg",
    "price": 6.6,
    "quantity": 0.36,
    "unitPrice": 18.3
  },
  {
    "name": "Yogo Choc Flavoured Custard Pouch",
    "url": "https://www.woolworths.com.au/shop/productdetails/168072",
    "img": "https://cdn0.woolworths.media/content/wowproductimages/medium/168072.jpg",
    "price": 2.2,
    "quantity": 0.12,
    "unitPrice": 18.3
  },
  {
    "name": "Promite Promite Spread",
    "url": "https://www.woolworths.com.au/shop/productdetails/38930",
    "img": "https://cdn0.woolworths.media/content/wowproductimages/medium/038930.jpg",
    "price": 5.3,
    "quantity": 0.29,
    "unitPrice": 18.3
  },
  {
    "name": "Mix-A-Mato Grape Tomatoes",
    "url": "https://www.coles.com.au/product/coles-mix-a-mato-grape-tomatoes-300g-3835890",
    "img": "https://productimages.coles.com.au/productimages/3/3835890.jpg",
    "price": 5.5,
    "quantity": 0.3,
    "unitPrice": 18.33
  },
  {
    "name": "Poppy Seeds",
    "url": "https://www.coles.com.au/product/coles-poppy-seeds-150g-3834275",
    "img": "https://productimages.coles.com.au/productimages/3/3834275.jpg",
    "price": 2.75,
    "quantity": 0.15,
    "unitPrice": 18.33
  },
  {
    "name": "Organic Apricots",
    "url": "https://www.coles.com.au/product/coles-organic-apricots-300g-4448732",
    "img": "https://productimages.coles.com.au/productimages/4/4448732.jpg",
    "price": 5.5,
    "quantity": 0.3,
    "unitPrice": 18.33
  },
  {
    "name": "Australian Currants",
    "url": "https://www.coles.com.au/product/sunbeam-australian-currants-300g-8047846",
    "img": "https://productimages.coles.com.au/productimages/8/8047846.jpg",
    "price": 5.5,
    "quantity": 0.3,
    "unitPrice": 18.33
  },
  {
    "name": "Poppy Seeds",
    "url": "https://www.coles.com.au/product/coles-poppy-seeds-150g-3834275",
    "img": "https://productimages.coles.com.au/productimages/3/3834275.jpg",
    "price": 2.75,
    "quantity": 0.15,
    "unitPrice": 18.33
  },
  {
    "name": "Organic Apricots",
    "url": "https://www.coles.com.au/product/coles-organic-apricots-300g-4448732",
    "img": "https://productimages.coles.com.au/productimages/4/4448732.jpg",
    "price": 5.5,
    "quantity": 0.3,
    "unitPrice": 18.33
  },
  {
    "name": "Australian Currants",
    "url": "https://www.coles.com.au/product/sunbeam-australian-currants-300g-8047846",
    "img": "https://productimages.coles.com.au/productimages/8/8047846.jpg",
    "price": 5.5,
    "quantity": 0.3,
    "unitPrice": 18.33
  },
  {
    "name": "Beef With Brisket Burger",
    "url": "https://www.coles.com.au/product/coles-finest-beef-with-brisket-burger-600g-3034235",
    "img": "https://productimages.coles.com.au/productimages/3/3034235.jpg",
    "price": 11,
    "quantity": 0.6,
    "unitPrice": 18.33
  },
  {
    "name": "Woolworths Baby Leaf Spinach",
    "url": "https://www.woolworths.com.au/shop/productdetails/524322",
    "img": "https://cdn0.woolworths.media/content/wowproductimages/medium/524322.jpg",
    "price": 2.2,
    "quantity": 0.12,
    "unitPrice": 18.33
  },
  {
    "name": "Woolworths Baby Spinach & Rocket",
    "url": "https://www.woolworths.com.au/shop/productdetails/705439",
    "img": "https://cdn0.woolworths.media/content/wowproductimages/medium/705439.jpg",
    "price": 2.2,
    "quantity": 0.12,
    "unitPrice": 18.33
  },
  {
    "name": "Sunbeam Australian Currants",
    "url": "https://www.woolworths.com.au/shop/productdetails/24258",
    "img": "https://cdn0.woolworths.media/content/wowproductimages/medium/024258.jpg",
    "price": 5.5,
    "quantity": 0.3,
    "unitPrice": 18.33
  },
  {
    "name": "Original Sesame Halva with Vanilla",
    "url": "https://www.coles.com.au/product/gaganis-original-sesame-halva-with-vanilla-250g-3084787",
    "img": "https://productimages.coles.com.au/productimages/3/3084787.jpg",
    "price": 4.6,
    "quantity": 0.25,
    "unitPrice": 18.4
  },
  {
    "name": "Original Sesame Halva With Cocoa",
    "url": "https://www.coles.com.au/product/gaganis-original-sesame-halva-with-cocoa-250g-3098249",
    "img": "https://productimages.coles.com.au/productimages/3/3098249.jpg",
    "price": 4.6,
    "quantity": 0.25,
    "unitPrice": 18.4
  },
  {
    "name": "Rice Family Cheesy",
    "url": "https://www.coles.com.au/product/continental-rice-family-cheesy-190g-4448051",
    "img": "https://productimages.coles.com.au/productimages/4/4448051.jpg",
    "price": 3.5,
    "quantity": 0.19,
    "unitPrice": 18.4
  },
  {
    "name": "Rice Chicken",
    "url": "https://www.coles.com.au/product/continental-rice-chicken-190g-8952326",
    "img": "https://productimages.coles.com.au/productimages/8/8952326.jpg",
    "price": 3.5,
    "quantity": 0.19,
    "unitPrice": 18.4
  },
  {
    "name": "Original Sesame Halva with Vanilla",
    "url": "https://www.coles.com.au/product/gaganis-original-sesame-halva-with-vanilla-250g-3084787",
    "img": "https://productimages.coles.com.au/productimages/3/3084787.jpg",
    "price": 4.6,
    "quantity": 0.25,
    "unitPrice": 18.4
  },
  {
    "name": "Original Sesame Halva With Cocoa",
    "url": "https://www.coles.com.au/product/gaganis-original-sesame-halva-with-cocoa-250g-3098249",
    "img": "https://productimages.coles.com.au/productimages/3/3098249.jpg",
    "price": 4.6,
    "quantity": 0.25,
    "unitPrice": 18.4
  },
  {
    "name": "Lemon Cream Biscuits",
    "url": "https://www.coles.com.au/product/bakers-lemon-cream-biscuits-190g-5605530",
    "img": "https://productimages.coles.com.au/productimages/5/5605530.jpg",
    "price": 3.5,
    "quantity": 0.19,
    "unitPrice": 18.4
  },
  {
    "name": "Cheese & Spinach Rolls",
    "url": "https://www.coles.com.au/product/herbert-adams-cheese-&-spinach-rolls-380g-4237770",
    "img": "https://productimages.coles.com.au/productimages/4/4237770.jpg",
    "price": 7,
    "quantity": 0.38,
    "unitPrice": 18.4
  },
  {
    "name": "Sara Lee White Chocolate Cheesecake",
    "url": "https://www.woolworths.com.au/shop/productdetails/629516",
    "img": "https://cdn0.woolworths.media/content/wowproductimages/medium/629516.jpg",
    "price": 14,
    "quantity": 0.76,
    "unitPrice": 18.4
  },
  {
    "name": "Sara Lee Baked Cheesecake Chocolate Ganache",
    "url": "https://www.woolworths.com.au/shop/productdetails/449000",
    "img": "https://cdn0.woolworths.media/content/wowproductimages/medium/449000.jpg",
    "price": 14,
    "quantity": 0.76,
    "unitPrice": 18.4
  },
  {
    "name": "Continental Classics Chicken Rice",
    "url": "https://www.woolworths.com.au/shop/productdetails/145951",
    "img": "https://cdn0.woolworths.media/content/wowproductimages/medium/145951.jpg",
    "price": 3.5,
    "quantity": 0.19,
    "unitPrice": 18.4
  },
  {
    "name": "Continental Classics Cheesy Rice Family Pack Serves 4",
    "url": "https://www.woolworths.com.au/shop/productdetails/691513",
    "img": "https://cdn0.woolworths.media/content/wowproductimages/medium/691513.jpg",
    "price": 3.5,
    "quantity": 0.19,
    "unitPrice": 18.4
  },
  {
    "name": "Kellogg's Crunchy Nut Corn Flakes Breakfast Cereal",
    "url": "https://www.woolworths.com.au/shop/productdetails/701751",
    "img": "https://cdn0.woolworths.media/content/wowproductimages/medium/701751.jpg",
    "price": 7,
    "quantity": 0.38,
    "unitPrice": 18.4
  },
  {
    "name": "Kellogg's Special K Forest Berries Cereal",
    "url": "https://www.woolworths.com.au/shop/productdetails/701750",
    "img": "https://cdn0.woolworths.media/content/wowproductimages/medium/701750.jpg",
    "price": 7,
    "quantity": 0.38,
    "unitPrice": 18.4
  },
  {
    "name": "Sliced Chicken Quad Pack",
    "url": "https://www.coles.com.au/product/thomson's-deli-sliced-chicken-quad-pack-320g-4381879",
    "img": "https://productimages.coles.com.au/productimages/4/4381879.jpg",
    "price": 5.9,
    "quantity": 0.32,
    "unitPrice": 18.44
  },
  {
    "name": "Mozzarella Balls",
    "url": "https://www.coles.com.au/product/la-casa-del-formaggio-mozzarella-balls-450g-8981379",
    "img": "https://productimages.coles.com.au/productimages/8/8981379.jpg",
    "price": 8.3,
    "quantity": 0.45,
    "unitPrice": 18.44
  },
  {
    "name": "Sliced Chicken Quad Pack",
    "url": "https://www.coles.com.au/product/thomson's-deli-sliced-chicken-quad-pack-320g-4381879",
    "img": "https://productimages.coles.com.au/productimages/4/4381879.jpg",
    "price": 5.9,
    "quantity": 0.32,
    "unitPrice": 18.44
  },
  {
    "name": "Mozzarella Balls",
    "url": "https://www.coles.com.au/product/la-casa-del-formaggio-mozzarella-balls-450g-8981379",
    "img": "https://productimages.coles.com.au/productimages/8/8981379.jpg",
    "price": 8.3,
    "quantity": 0.45,
    "unitPrice": 18.44
  },
  {
    "name": "Perfection Mix A Mato Mini Tomatoes",
    "url": "https://www.woolworths.com.au/shop/productdetails/61078",
    "img": "https://cdn0.woolworths.media/content/wowproductimages/medium/061078.jpg",
    "price": 5.9,
    "quantity": 0.32,
    "unitPrice": 18.44
  },
  {
    "name": "Gluten Free Baking Powder",
    "url": "https://www.coles.com.au/product/mckenzie's-gluten-free-baking-powder-300g-2777664",
    "img": "https://productimages.coles.com.au/productimages/2/2777664.jpg",
    "price": 5.55,
    "quantity": 0.3,
    "unitPrice": 18.5
  },
  {
    "name": "Gluten Free Baking Powder",
    "url": "https://www.coles.com.au/product/mckenzie's-gluten-free-baking-powder-300g-2777664",
    "img": "https://productimages.coles.com.au/productimages/2/2777664.jpg",
    "price": 5.55,
    "quantity": 0.3,
    "unitPrice": 18.5
  },
  {
    "name": "Classic Granulated Coffee",
    "url": "https://www.coles.com.au/product/coles-classic-granulated-coffee-200g-5892498",
    "img": "https://productimages.coles.com.au/productimages/5/5892498.jpg",
    "price": 3.7,
    "quantity": 0.2,
    "unitPrice": 18.5
  },
  {
    "name": "Classic Granulated Coffee",
    "url": "https://www.coles.com.au/product/coles-classic-granulated-coffee-200g-5892498",
    "img": "https://productimages.coles.com.au/productimages/5/5892498.jpg",
    "price": 3.7,
    "quantity": 0.2,
    "unitPrice": 18.5
  },
  {
    "name": "Vegan Mayonnaise",
    "url": "https://www.coles.com.au/product/hellmann's-vegan-mayonnaise-270g-5493619",
    "img": "https://productimages.coles.com.au/productimages/5/5493619.jpg",
    "price": 5,
    "quantity": 0.27,
    "unitPrice": 18.5
  },
  {
    "name": "Gluten Free Puff Pastry Sheets",
    "url": "https://www.coles.com.au/product/simply-wize-gluten-free-puff-pastry-sheets-540g-6616860",
    "img": "https://productimages.coles.com.au/productimages/6/6616860.jpg",
    "price": 10,
    "quantity": 0.54,
    "unitPrice": 18.5
  },
  {
    "name": "RSPCA Approved Free Range Thigh Small Pack",
    "url": "https://www.coles.com.au/product/coles-rspca-approved-free-range-thigh-small-pack-approx.-500g-6261233",
    "img": "https://productimages.coles.com.au/productimages/6/6261233.jpg",
    "price": 9.25,
    "quantity": 0.5,
    "unitPrice": 18.5
  },
  {
    "name": "Kook A Krumb Breadcrumbs Herb And Garlic",
    "url": "https://www.woolworths.com.au/shop/productdetails/181407",
    "img": "https://cdn0.woolworths.media/content/wowproductimages/medium/181407.jpg",
    "price": 3.7,
    "quantity": 0.2,
    "unitPrice": 18.5
  },
  {
    "name": "Buddee Chocolate Spread",
    "url": "https://www.woolworths.com.au/shop/productdetails/237565",
    "img": "https://cdn0.woolworths.media/content/wowproductimages/medium/237565.jpg",
    "price": 5,
    "quantity": 0.27,
    "unitPrice": 18.5
  },
  {
    "name": "Buddee Smooth Nut Free Spread",
    "url": "https://www.woolworths.com.au/shop/productdetails/238202",
    "img": "https://cdn0.woolworths.media/content/wowproductimages/medium/238202.jpg",
    "price": 5,
    "quantity": 0.27,
    "unitPrice": 18.5
  },
  {
    "name": "Uncle Tobys Oats Quick Sachets Original Porridge",
    "url": "https://www.woolworths.com.au/shop/productdetails/204987",
    "img": "https://cdn0.woolworths.media/content/wowproductimages/medium/204987.jpg",
    "price": 6.3,
    "quantity": 0.34,
    "unitPrice": 18.5
  },
  {
    "name": "Kellogg's Corn Flakes Gluten Free Breakfast Cereal",
    "url": "https://www.woolworths.com.au/shop/productdetails/428308",
    "img": "https://cdn0.woolworths.media/content/wowproductimages/medium/428308.jpg",
    "price": 5,
    "quantity": 0.27,
    "unitPrice": 18.5
  },
  {
    "name": "Freedom Classic Corn Flakes Cereal",
    "url": "https://www.woolworths.com.au/shop/productdetails/224366",
    "img": "https://cdn0.woolworths.media/content/wowproductimages/medium/224366.jpg",
    "price": 5,
    "quantity": 0.27,
    "unitPrice": 18.5
  },
  {
    "name": "Mckenzie's Baking Powder",
    "url": "https://www.woolworths.com.au/shop/productdetails/574616",
    "img": "https://cdn0.woolworths.media/content/wowproductimages/medium/574616.jpg",
    "price": 5.56,
    "quantity": 0.3,
    "unitPrice": 18.5
  },
  {
    "name": "Topper Savoury",
    "url": "https://www.coles.com.au/product/market-lane-topper-savoury-810g-5615716",
    "img": "https://productimages.coles.com.au/productimages/5/5615716.jpg",
    "price": 15,
    "quantity": 0.81,
    "unitPrice": 18.52
  },
  {
    "name": "Tomatoes Sundrd In Vegetable Oil",
    "url": "https://www.coles.com.au/product/sandhurst-tomatoes-sundrd-in-vegetable-oil-270g-5777897",
    "img": "https://productimages.coles.com.au/productimages/5/5777897.jpg",
    "price": 5,
    "quantity": 0.27,
    "unitPrice": 18.52
  },
  {
    "name": "Semi Sundried Tomatoes",
    "url": "https://www.coles.com.au/product/sandhurst-semi-sundried-tomatoes-270g-8507877",
    "img": "https://productimages.coles.com.au/productimages/8/8507877.jpg",
    "price": 5,
    "quantity": 0.27,
    "unitPrice": 18.52
  },
  {
    "name": "Kids Triangles Cheese",
    "url": "https://www.coles.com.au/product/coles-kids-triangles-cheese-140g-3418361",
    "img": "https://productimages.coles.com.au/productimages/3/3418361.jpg",
    "price": 2.6,
    "quantity": 0.14,
    "unitPrice": 18.57
  },
  {
    "name": "Dolmades Greek Style",
    "url": "https://www.coles.com.au/product/always-fresh-dolmades-greek-style-280g-9485099",
    "img": "https://productimages.coles.com.au/productimages/9/9485099.jpg",
    "price": 5.2,
    "quantity": 0.28,
    "unitPrice": 18.57
  },
  {
    "name": "Hoki Fillets",
    "url": "https://www.coles.com.au/product/coles-hoki-fillets-700g-2442167",
    "img": "https://productimages.coles.com.au/productimages/2/2442167.jpg",
    "price": 13,
    "quantity": 0.7,
    "unitPrice": 18.57
  },
  {
    "name": "Chick'N Chive Sausages",
    "url": "https://www.coles.com.au/product/unreal-co-chick'n-chive-sausages-350g-4209800",
    "img": "https://productimages.coles.com.au/productimages/4/4209800.jpg",
    "price": 6.5,
    "quantity": 0.35,
    "unitPrice": 18.57
  },
  {
    "name": "Organic Honey Soy Chicken Nibbles",
    "url": "https://www.coles.com.au/product/inglewood-organic-honey-soy-chicken-nibbles-350g-5747069",
    "img": "https://productimages.coles.com.au/productimages/5/5747069.jpg",
    "price": 6.5,
    "quantity": 0.35,
    "unitPrice": 18.57
  },
  {
    "name": "Parsnip Mini",
    "url": "https://www.woolworths.com.au/shop/productdetails/738337",
    "img": "https://cdn0.woolworths.media/content/wowproductimages/medium/738337.jpg",
    "price": 6.5,
    "quantity": 0.35,
    "unitPrice": 18.57
  },
  {
    "name": "Thick & Creamy Yoghurt Mango & Finger Lime",
    "url": "https://www.coles.com.au/product/dairy-farmers-thick-&-creamy-yoghurt-mango-&-finger-lime-140g-6601896",
    "img": "https://productimages.coles.com.au/productimages/6/6601896.jpg",
    "price": 2.6,
    "quantity": 0.14,
    "unitPrice": 18.6
  },
  {
    "name": "Thick & Creamy Yoghurt Strawberry & Wattleseed",
    "url": "https://www.coles.com.au/product/dairy-farmers-thick-&-creamy-yoghurt-strawberry-&-wattleseed-140g-6621281",
    "img": "https://productimages.coles.com.au/productimages/6/6621281.jpg",
    "price": 2.6,
    "quantity": 0.14,
    "unitPrice": 18.6
  },
  {
    "name": "Thick & Creamy Yoghurt Pineapple Passionfruit",
    "url": "https://www.coles.com.au/product/dairy-farmers-thick-&-creamy-yoghurt-pineapple-passionfruit-140g-6621394",
    "img": "https://productimages.coles.com.au/productimages/6/6621394.jpg",
    "price": 2.6,
    "quantity": 0.14,
    "unitPrice": 18.6
  },
  {
    "name": "Kitchen Scalloped Potato",
    "url": "https://www.coles.com.au/product/coles-kitchen-scalloped-potato-350g-3771142",
    "img": "https://productimages.coles.com.au/productimages/3/3771142.jpg",
    "price": 6.5,
    "quantity": 0.35,
    "unitPrice": 18.6
  },
  {
    "name": "Margherita Pizza",
    "url": "https://www.coles.com.au/product/coles-finest-margherita-pizza-350g-6205684",
    "img": "https://productimages.coles.com.au/productimages/6/6205684.jpg",
    "price": 6.5,
    "quantity": 0.35,
    "unitPrice": 18.6
  },
  {
    "name": "Gluten Free Hummous Dip",
    "url": "https://www.coles.com.au/product/pilpel-gluten-free-hummous-dip-350g-7411819",
    "img": "https://productimages.coles.com.au/productimages/7/7411819.jpg",
    "price": 6.5,
    "quantity": 0.35,
    "unitPrice": 18.6
  },
  {
    "name": "Tasty Light Cheese Slices 24 Pack",
    "url": "https://www.coles.com.au/product/coles-tasty-light-cheese-slices-24-pack-500g-5433027",
    "img": "https://productimages.coles.com.au/productimages/5/5433027.jpg",
    "price": 9.3,
    "quantity": 0.5,
    "unitPrice": 18.6
  },
  {
    "name": "Tasty Cheese Slices 24 Pack",
    "url": "https://www.coles.com.au/product/coles-tasty-cheese-slices-24-pack-500g-5433050",
    "img": "https://productimages.coles.com.au/productimages/5/5433050.jpg",
    "price": 9.3,
    "quantity": 0.5,
    "unitPrice": 18.6
  },
  {
    "name": "Apple & Cinnamon",
    "url": "https://www.coles.com.au/product/yog-'n'-oats-apple-&-cinnamon-180g-5193069",
    "img": "https://productimages.coles.com.au/productimages/5/5193069.jpg",
    "price": 3.35,
    "quantity": 0.18,
    "unitPrice": 18.6
  },
  {
    "name": "Glaze With Balsamic Vinegar Of Modena",
    "url": "https://www.coles.com.au/product/coles-glaze-with-balsamic-vinegar-of-modena-215ml-2724271",
    "img": "https://productimages.coles.com.au/productimages/2/2724271.jpg",
    "price": 4,
    "quantity": 0.215,
    "unitPrice": 18.6
  },
  {
    "name": "Seriously Good Original Mayonnaise",
    "url": "https://www.coles.com.au/product/heinz-seriously-good-original-mayonnaise-295ml-2060251",
    "img": "https://productimages.coles.com.au/productimages/2/2060251.jpg",
    "price": 5.5,
    "quantity": 0.295,
    "unitPrice": 18.6
  },
  {
    "name": "Seriously Good Garlic Aioli Mayonnaise",
    "url": "https://www.coles.com.au/product/heinz-seriously-good-garlic-aioli-mayonnaise-295ml-2060262",
    "img": "https://productimages.coles.com.au/productimages/2/2060262.jpg",
    "price": 5.5,
    "quantity": 0.295,
    "unitPrice": 18.6
  },
  {
    "name": "Seriously Good Spicy Peri Peri Mayonnaise Mayo",
    "url": "https://www.coles.com.au/product/heinz-seriously-good-spicy-peri-peri-mayonnaise-mayo-295ml-2777879",
    "img": "https://productimages.coles.com.au/productimages/2/2777879.jpg",
    "price": 5.5,
    "quantity": 0.295,
    "unitPrice": 18.6
  },
  {
    "name": "Seriously Good Garlic Lovers Aioli Mayonniase",
    "url": "https://www.coles.com.au/product/heinz-seriously-good-garlic-lovers-aioli-mayonniase-295ml-3076053",
    "img": "https://productimages.coles.com.au/productimages/3/3076053.jpg",
    "price": 5.5,
    "quantity": 0.295,
    "unitPrice": 18.6
  },
  {
    "name": "Seriously Good Creamy Tartare Sauce For Seafood",
    "url": "https://www.coles.com.au/product/heinz-seriously-good-creamy-tartare-sauce-for-seafood-295ml-3224059",
    "img": "https://productimages.coles.com.au/productimages/3/3224059.jpg",
    "price": 5.5,
    "quantity": 0.295,
    "unitPrice": 18.6
  },
  {
    "name": "Golden Wok Pork Gyoza",
    "url": "https://www.coles.com.au/product/grandma's-golden-wok-pork-gyoza-800g-3842772",
    "img": "https://productimages.coles.com.au/productimages/3/3842772.jpg",
    "price": 14.85,
    "quantity": 0.8,
    "unitPrice": 18.6
  },
  {
    "name": "Golden Wok Vegetable Gyoza",
    "url": "https://www.coles.com.au/product/grandma's-golden-wok-vegetable-gyoza-800g-3842819",
    "img": "https://productimages.coles.com.au/productimages/3/3842819.jpg",
    "price": 14.85,
    "quantity": 0.8,
    "unitPrice": 18.6
  },
  {
    "name": "Golden Wok Chicken Gyoza",
    "url": "https://www.coles.com.au/product/grandma's-golden-wok-chicken-gyoza-800g-3842885",
    "img": "https://productimages.coles.com.au/productimages/3/3842885.jpg",
    "price": 14.85,
    "quantity": 0.8,
    "unitPrice": 18.6
  },
  {
    "name": "Golden Wok Gyozas Prawn",
    "url": "https://www.coles.com.au/product/grandmas-golden-wok-gyozas-prawn-800g-4406572",
    "img": "https://productimages.coles.com.au/productimages/4/4406572.jpg",
    "price": 14.85,
    "quantity": 0.8,
    "unitPrice": 18.6
  },
  {
    "name": "Gluten Free Lasagna Bolognese",
    "url": "https://www.coles.com.au/product/tutto-pasta-gluten-free-lasagna-bolognese-350g-3218180",
    "img": "https://productimages.coles.com.au/productimages/3/3218180.jpg",
    "price": 6.5,
    "quantity": 0.35,
    "unitPrice": 18.6
  },
  {
    "name": "Frozen Bake At Home Butter Croissants 6 Pack",
    "url": "https://www.coles.com.au/product/coles-frozen-bake-at-home-butter-croissants-6-pack-360g-3918976",
    "img": "https://productimages.coles.com.au/productimages/3/3918976.jpg",
    "price": 6.7,
    "quantity": 0.36,
    "unitPrice": 18.6
  },
  {
    "name": "Woolworths Vinegar Balsamic Glaze",
    "url": "https://www.woolworths.com.au/shop/productdetails/257305",
    "img": "https://cdn0.woolworths.media/content/wowproductimages/medium/257305.jpg",
    "price": 4,
    "quantity": 0.215,
    "unitPrice": 18.6
  },
  {
    "name": "Macro Organic Quinoa Flakes",
    "url": "https://www.woolworths.com.au/shop/productdetails/706627",
    "img": "https://cdn0.woolworths.media/content/wowproductimages/medium/706627.jpg",
    "price": 6.5,
    "quantity": 0.35,
    "unitPrice": 18.6
  },
  {
    "name": "Kellogg's All-bran High Fibre Breakfast Cereal",
    "url": "https://www.woolworths.com.au/shop/productdetails/171265",
    "img": "https://cdn0.woolworths.media/content/wowproductimages/medium/171265.jpg",
    "price": 6.5,
    "quantity": 0.35,
    "unitPrice": 18.6
  },
  {
    "name": "Heinz Seriously Good Creamy Tartare Sauce",
    "url": "https://www.woolworths.com.au/shop/productdetails/710986",
    "img": "https://cdn0.woolworths.media/content/wowproductimages/medium/710986.jpg",
    "price": 5.5,
    "quantity": 0.295,
    "unitPrice": 18.6
  },
  {
    "name": "Ayam Mongolian Lamb Sauce",
    "url": "https://www.woolworths.com.au/shop/productdetails/790572",
    "img": "https://cdn0.woolworths.media/content/wowproductimages/medium/790572.jpg",
    "price": 3.9,
    "quantity": 0.21,
    "unitPrice": 18.6
  },
  {
    "name": "Well & Good Caramel Slice",
    "url": "https://www.woolworths.com.au/shop/productdetails/278260",
    "img": "https://cdn0.woolworths.media/content/wowproductimages/medium/278260.jpg",
    "price": 5.85,
    "quantity": 0.315,
    "unitPrice": 18.6
  },
  {
    "name": "Collezione Oro Prosecco DOC Ros",
    "url": "https://www.aldi.com.au/en/groceries/limited-time-only/limited-time-only-detail/ps/p/collezione-oro-prosecco-doc-ros-750ml/",
    "img": "https://www.aldi.com.au/fileadmin/_processed_/e/d/csm_705823_DE_Q_01_1x1_f19553ed1e.png",
    "price": 13.99,
    "quantity": 0.75,
    "unitPrice": 18.65
  },
  {
    "name": "Collezione Oro Prosecco DOC Ros",
    "url": "https://www.aldi.com.au/en/groceries/limited-time-only/limited-time-only-detail/ps/p/collezione-oro-prosecco-doc-ros-750ml/",
    "img": "https://www.aldi.com.au/fileadmin/_processed_/e/d/csm_705823_DE_Q_01_1x1_f19553ed1e.png",
    "price": 13.99,
    "quantity": 0.75,
    "unitPrice": 18.65
  },
  {
    "name": "Deli Leg Ham From The Deli",
    "url": "https://www.coles.com.au/product/don-deli-leg-ham-from-the-deli-approx.-100g-2421280",
    "img": "https://productimages.coles.com.au/productimages/2/2421280.jpg",
    "price": 1.86,
    "quantity": 0.1,
    "unitPrice": 18.65
  },
  {
    "name": "Deli Leg Ham From The Deli",
    "url": "https://www.coles.com.au/product/don-deli-leg-ham-from-the-deli-approx.-100g-2421280",
    "img": "https://productimages.coles.com.au/productimages/2/2421280.jpg",
    "price": 1.86,
    "quantity": 0.1,
    "unitPrice": 18.65
  },
  {
    "name": "Shredded Ham Twin Pack",
    "url": "https://www.coles.com.au/product/primo-shredded-ham-twin-pack-300g-8146087",
    "img": "https://productimages.coles.com.au/productimages/8/8146087.jpg",
    "price": 5.6,
    "quantity": 0.3,
    "unitPrice": 18.67
  },
  {
    "name": "Tasty Cheese Slices",
    "url": "https://www.coles.com.au/product/cheer-tasty-cheese-slices-750g-3274750",
    "img": "https://productimages.coles.com.au/productimages/3/3274750.jpg",
    "price": 14,
    "quantity": 0.75,
    "unitPrice": 18.67
  },
  {
    "name": "Cheese Slices Light & Tasty",
    "url": "https://www.coles.com.au/product/cheer-cheese-slices-light-&-tasty-750g-5420590",
    "img": "https://productimages.coles.com.au/productimages/5/5420590.jpg",
    "price": 14,
    "quantity": 0.75,
    "unitPrice": 18.67
  },
  {
    "name": "Cheese Slices Colby",
    "url": "https://www.coles.com.au/product/cheer-cheese-slices-colby-750g-6800134",
    "img": "https://productimages.coles.com.au/productimages/6/6800134.jpg",
    "price": 14,
    "quantity": 0.75,
    "unitPrice": 18.67
  },
  {
    "name": "Shredded Ham Twin Pack",
    "url": "https://www.coles.com.au/product/primo-shredded-ham-twin-pack-300g-8146087",
    "img": "https://productimages.coles.com.au/productimages/8/8146087.jpg",
    "price": 5.6,
    "quantity": 0.3,
    "unitPrice": 18.67
  },
  {
    "name": "Yellow Curry Paste",
    "url": "https://www.coles.com.au/product/valcom-yellow-curry-paste-230g-6803020",
    "img": "https://productimages.coles.com.au/productimages/6/6803020.jpg",
    "price": 4.3,
    "quantity": 0.23,
    "unitPrice": 18.7
  },
  {
    "name": "Wasabi Coated Peanuts",
    "url": "https://www.coles.com.au/product/koh-kae-wasabi-coated-peanuts-240g-7651619",
    "img": "https://productimages.coles.com.au/productimages/7/7651619.jpg",
    "price": 4.3,
    "quantity": 0.24,
    "unitPrice": 18.7
  },
  {
    "name": "Laksa Curry Paste",
    "url": "https://www.coles.com.au/product/valcom-laksa-curry-paste-230g-9434531",
    "img": "https://productimages.coles.com.au/productimages/9/9434531.jpg",
    "price": 4.3,
    "quantity": 0.23,
    "unitPrice": 18.7
  },
  {
    "name": "Latina Fresh Beef Ravioli Pasta",
    "url": "https://www.woolworths.com.au/shop/productdetails/10634",
    "img": "https://cdn0.woolworths.media/content/wowproductimages/medium/010634.jpg",
    "price": 7,
    "quantity": 0.375,
    "unitPrice": 18.7
  },
  {
    "name": "Latina Fresh Spinach & Ricotta Agnolotti",
    "url": "https://www.woolworths.com.au/shop/productdetails/42092",
    "img": "https://cdn0.woolworths.media/content/wowproductimages/medium/042092.jpg",
    "price": 7,
    "quantity": 0.375,
    "unitPrice": 18.7
  },
  {
    "name": "Kellogg's Coco Pops Chocolatey Breakfast Cereal",
    "url": "https://www.woolworths.com.au/shop/productdetails/701705",
    "img": "https://cdn0.woolworths.media/content/wowproductimages/medium/701705.jpg",
    "price": 7,
    "quantity": 0.375,
    "unitPrice": 18.7
  },
  {
    "name": "Byron Honey Raw And Natural",
    "url": "https://www.woolworths.com.au/shop/productdetails/231686",
    "img": "https://cdn0.woolworths.media/content/wowproductimages/medium/231686.jpg",
    "price": 9.35,
    "quantity": 0.5,
    "unitPrice": 18.7
  },
  {
    "name": "Flying Goose Sriracha Mayo",
    "url": "https://www.woolworths.com.au/shop/productdetails/763735",
    "img": "https://cdn0.woolworths.media/content/wowproductimages/medium/763735.jpg",
    "price": 8.5,
    "quantity": 0.455,
    "unitPrice": 18.7
  },
  {
    "name": "Dr. Oetker Ready Rolled Icing White",
    "url": "https://www.woolworths.com.au/shop/productdetails/448630",
    "img": "https://cdn0.woolworths.media/content/wowproductimages/medium/448630.jpg",
    "price": 8.4,
    "quantity": 0.45,
    "unitPrice": 18.7
  },
  {
    "name": "Freedom FarmsRSPCA Approved Chicken Marinated Breast Fillet Steaks",
    "url": "https://www.aldi.com.au/en/groceries/super-savers/super-savers-detail/ps/p/freedom-farms-rspca-approved-chicken-marinated-bre/",
    "img": "https://www.aldi.com.au/fileadmin/_processed_/3/e/csm_4223_SSV_MEAT_1x1_3_RET_6fcc20b99b.png",
    "price": 7.49,
    "quantity": 0.4,
    "unitPrice": 18.73
  },
  {
    "name": "Organic Cheddar Block",
    "url": "https://www.coles.com.au/product/the-organic-milk-co-organic-cheddar-block-400g-4380854",
    "img": "https://productimages.coles.com.au/productimages/4/4380854.jpg",
    "price": 7.5,
    "quantity": 0.4,
    "unitPrice": 18.75
  },
  {
    "name": "Organic Cheddar Block",
    "url": "https://www.coles.com.au/product/the-organic-milk-co-organic-cheddar-block-400g-4380854",
    "img": "https://productimages.coles.com.au/productimages/4/4380854.jpg",
    "price": 7.5,
    "quantity": 0.4,
    "unitPrice": 18.75
  },
  {
    "name": "Hoki Bites Classic Crumb",
    "url": "https://www.coles.com.au/product/sealord-hoki-bites-classic-crumb-400g-4506806",
    "img": "https://productimages.coles.com.au/productimages/4/4506806.jpg",
    "price": 7.5,
    "quantity": 0.4,
    "unitPrice": 18.75
  },
  {
    "name": "Mince Plant Based",
    "url": "https://www.coles.com.au/product/v2-mince-plant-based-400g-5708238",
    "img": "https://productimages.coles.com.au/productimages/5/5708238.jpg",
    "price": 7.5,
    "quantity": 0.4,
    "unitPrice": 18.75
  },
  {
    "name": "Woolworths Tuna Mayo & Corn With Crackers",
    "url": "https://www.woolworths.com.au/shop/productdetails/672828",
    "img": "https://cdn0.woolworths.media/content/wowproductimages/medium/672828.jpg",
    "price": 2.1,
    "quantity": 0.112,
    "unitPrice": 18.75
  },
  {
    "name": "Woolworths Tuna & Crackers Snack Pack Thousand Island",
    "url": "https://www.woolworths.com.au/shop/productdetails/87017",
    "img": "https://cdn0.woolworths.media/content/wowproductimages/medium/087017.jpg",
    "price": 2.1,
    "quantity": 0.112,
    "unitPrice": 18.75
  },
  {
    "name": "Woolworths Tuna Sweet Chilli With Crackers",
    "url": "https://www.woolworths.com.au/shop/productdetails/672826",
    "img": "https://cdn0.woolworths.media/content/wowproductimages/medium/672826.jpg",
    "price": 2.1,
    "quantity": 0.112,
    "unitPrice": 18.75
  },
  {
    "name": "Woolworths Tuna & Crackers Snack Pack Tomato & Spinach",
    "url": "https://www.woolworths.com.au/shop/productdetails/87014",
    "img": "https://cdn0.woolworths.media/content/wowproductimages/medium/087014.jpg",
    "price": 2.1,
    "quantity": 0.112,
    "unitPrice": 18.75
  },
  {
    "name": "Safcol Tuna Pouch Lentils & Black Rice",
    "url": "https://www.woolworths.com.au/shop/productdetails/63966",
    "img": "https://cdn0.woolworths.media/content/wowproductimages/medium/063966.jpg",
    "price": 3,
    "quantity": 0.16,
    "unitPrice": 18.75
  },
  {
    "name": "Safcol Tuna Pouch Red Beans & Quinoa",
    "url": "https://www.woolworths.com.au/shop/productdetails/63967",
    "img": "https://cdn0.woolworths.media/content/wowproductimages/medium/063967.jpg",
    "price": 3,
    "quantity": 0.16,
    "unitPrice": 18.75
  },
  {
    "name": "Woolworths Chicken Meatballs",
    "url": "https://www.woolworths.com.au/shop/productdetails/188922",
    "img": "https://cdn0.woolworths.media/content/wowproductimages/medium/188922.jpg",
    "price": 7.5,
    "quantity": 0.4,
    "unitPrice": 18.75
  },
  {
    "name": "Steggles Crumbed Chicken Alphabites",
    "url": "https://www.woolworths.com.au/shop/productdetails/290235",
    "img": "https://cdn0.woolworths.media/content/wowproductimages/medium/290235.jpg",
    "price": 7.5,
    "quantity": 0.4,
    "unitPrice": 18.75
  },
  {
    "name": "Toffee & Honeycomb Twist Yoghurt",
    "url": "https://www.coles.com.au/product/gippsland-dairy-toffee-&-honeycomb-twist-yoghurt-160g-1436420",
    "img": "https://productimages.coles.com.au/productimages/1/1436420.jpg",
    "price": 3,
    "quantity": 0.16,
    "unitPrice": 18.8
  },
  {
    "name": "Watermelon & Strawberry Twist Yoghurt",
    "url": "https://www.coles.com.au/product/gippsland-dairy-watermelon-&-strawberry-twist-yoghurt-160g-1436431",
    "img": "https://productimages.coles.com.au/productimages/1/1436431.jpg",
    "price": 3,
    "quantity": 0.16,
    "unitPrice": 18.8
  },
  {
    "name": "Boysenberry Twist Yoghurt",
    "url": "https://www.coles.com.au/product/gippsland-dairy-boysenberry-twist-yoghurt-160g-2745395",
    "img": "https://productimages.coles.com.au/productimages/2/2745395.jpg",
    "price": 3,
    "quantity": 0.16,
    "unitPrice": 18.8
  },
  {
    "name": "YoPro Strawberry Yoghurt",
    "url": "https://www.coles.com.au/product/danone-yopro-strawberry-yoghurt-160g-2991880",
    "img": "https://productimages.coles.com.au/productimages/2/2991880.jpg",
    "price": 3,
    "quantity": 0.16,
    "unitPrice": 18.8
  },
  {
    "name": "YoPro Vanilla Yoghurt",
    "url": "https://www.coles.com.au/product/danone-yopro-vanilla-yoghurt-160g-2991948",
    "img": "https://productimages.coles.com.au/productimages/2/2991948.jpg",
    "price": 3,
    "quantity": 0.16,
    "unitPrice": 18.8
  },
  {
    "name": "YoPro Passionfruit Yoghurt",
    "url": "https://www.coles.com.au/product/danone-yopro-passionfruit-yoghurt-160g-3025041",
    "img": "https://productimages.coles.com.au/productimages/3/3025041.jpg",
    "price": 3,
    "quantity": 0.16,
    "unitPrice": 18.8
  },
  {
    "name": "Yopro Mango Yoghurt",
    "url": "https://www.coles.com.au/product/danone-yopro-mango-yoghurt-160g-3246856",
    "img": "https://productimages.coles.com.au/productimages/3/3246856.jpg",
    "price": 3,
    "quantity": 0.16,
    "unitPrice": 18.8
  },
  {
    "name": "Yopro Banana Yoghurt",
    "url": "https://www.coles.com.au/product/danone-yopro-banana-yoghurt-160g-3246889",
    "img": "https://productimages.coles.com.au/productimages/3/3246889.jpg",
    "price": 3,
    "quantity": 0.16,
    "unitPrice": 18.8
  },
  {
    "name": "Twist Yoghurt Limited Edition",
    "url": "https://www.coles.com.au/product/gippsland-dairy-twist-yoghurt-limited-edition-160g-3477815",
    "img": "https://productimages.coles.com.au/productimages/3/3477815.jpg",
    "price": 3,
    "quantity": 0.16,
    "unitPrice": 18.8
  },
  {
    "name": "Yopro Salted Caramel Flavoured Yoghurt",
    "url": "https://www.coles.com.au/product/danone-yopro-salted-caramel-flavoured-yoghurt-160g-3532298",
    "img": "https://productimages.coles.com.au/productimages/3/3532298.jpg",
    "price": 3,
    "quantity": 0.16,
    "unitPrice": 18.8
  },
  {
    "name": "Yogurt Mixed Berry",
    "url": "https://www.coles.com.au/product/gippsland-dairy-yogurt-mixed-berry-160g-5937632",
    "img": "https://productimages.coles.com.au/productimages/5/5937632.jpg",
    "price": 3,
    "quantity": 0.16,
    "unitPrice": 18.8
  },
  {
    "name": "Blueberry Twist Yoghurt",
    "url": "https://www.coles.com.au/product/gippsland-dairy-blueberry-twist-yoghurt-160g-9907917",
    "img": "https://productimages.coles.com.au/productimages/9/9907917.jpg",
    "price": 3,
    "quantity": 0.16,
    "unitPrice": 18.8
  },
  {
    "name": "Mango & Blood Orange Twist Yoghurt",
    "url": "https://www.coles.com.au/product/gippsland-dairy-mango-&-blood-orange-twist-yoghurt-160g-9907940",
    "img": "https://productimages.coles.com.au/productimages/9/9907940.jpg",
    "price": 3,
    "quantity": 0.16,
    "unitPrice": 18.8
  },
  {
    "name": "Passionfruit Twist Yoghurt",
    "url": "https://www.coles.com.au/product/gippsland-dairy-passionfruit-twist-yoghurt-160g-9907994",
    "img": "https://productimages.coles.com.au/productimages/9/9907994.jpg",
    "price": 3,
    "quantity": 0.16,
    "unitPrice": 18.8
  },
  {
    "name": "Plant Based Savoury Mince",
    "url": "https://www.coles.com.au/product/vegie-delights-plant-based-savoury-mince-400g-2599147",
    "img": "https://productimages.coles.com.au/productimages/2/2599147.jpg",
    "price": 7.5,
    "quantity": 0.4,
    "unitPrice": 18.8
  },
  {
    "name": "Spreadable Slightly Salted",
    "url": "https://www.coles.com.au/product/lurpak-spreadable-slightly-salted-400g-5376659",
    "img": "https://productimages.coles.com.au/productimages/5/5376659.jpg",
    "price": 7.5,
    "quantity": 0.4,
    "unitPrice": 18.8
  },
  {
    "name": "Twist Yoghurt Limited Edition",
    "url": "https://www.coles.com.au/product/gippsland-dairy-twist-yoghurt-limited-edition-160g-3477815",
    "img": "https://productimages.coles.com.au/productimages/3/3477815.jpg",
    "price": 3,
    "quantity": 0.16,
    "unitPrice": 18.8
  },
  {
    "name": "Yopro Salted Caramel Flavoured Yoghurt",
    "url": "https://www.coles.com.au/product/danone-yopro-salted-caramel-flavoured-yoghurt-160g-3532298",
    "img": "https://productimages.coles.com.au/productimages/3/3532298.jpg",
    "price": 3,
    "quantity": 0.16,
    "unitPrice": 18.8
  },
  {
    "name": "Yogurt Mixed Berry",
    "url": "https://www.coles.com.au/product/gippsland-dairy-yogurt-mixed-berry-160g-5937632",
    "img": "https://productimages.coles.com.au/productimages/5/5937632.jpg",
    "price": 3,
    "quantity": 0.16,
    "unitPrice": 18.8
  },
  {
    "name": "Blueberry Twist Yoghurt",
    "url": "https://www.coles.com.au/product/gippsland-dairy-blueberry-twist-yoghurt-160g-9907917",
    "img": "https://productimages.coles.com.au/productimages/9/9907917.jpg",
    "price": 3,
    "quantity": 0.16,
    "unitPrice": 18.8
  },
  {
    "name": "Mango & Blood Orange Twist Yoghurt",
    "url": "https://www.coles.com.au/product/gippsland-dairy-mango-&-blood-orange-twist-yoghurt-160g-9907940",
    "img": "https://productimages.coles.com.au/productimages/9/9907940.jpg",
    "price": 3,
    "quantity": 0.16,
    "unitPrice": 18.8
  },
  {
    "name": "Passionfruit Twist Yoghurt",
    "url": "https://www.coles.com.au/product/gippsland-dairy-passionfruit-twist-yoghurt-160g-9907994",
    "img": "https://productimages.coles.com.au/productimages/9/9907994.jpg",
    "price": 3,
    "quantity": 0.16,
    "unitPrice": 18.8
  },
  {
    "name": "Plant Based Savoury Mince",
    "url": "https://www.coles.com.au/product/vegie-delights-plant-based-savoury-mince-400g-2599147",
    "img": "https://productimages.coles.com.au/productimages/2/2599147.jpg",
    "price": 7.5,
    "quantity": 0.4,
    "unitPrice": 18.8
  },
  {
    "name": "Spreadable Slightly Salted",
    "url": "https://www.coles.com.au/product/lurpak-spreadable-slightly-salted-400g-5376659",
    "img": "https://productimages.coles.com.au/productimages/5/5376659.jpg",
    "price": 7.5,
    "quantity": 0.4,
    "unitPrice": 18.8
  },
  {
    "name": "Unbelievably Good Chocolate Chip Mix",
    "url": "https://www.coles.com.au/product/white-wings-unbelievably-good-chocolate-chip-mix-320g-5497530",
    "img": "https://productimages.coles.com.au/productimages/5/5497530.jpg",
    "price": 6,
    "quantity": 0.32,
    "unitPrice": 18.8
  },
  {
    "name": "Unbelievably Good Chocolate Chip Mix",
    "url": "https://www.coles.com.au/product/white-wings-unbelievably-good-chocolate-chip-mix-320g-5497530",
    "img": "https://productimages.coles.com.au/productimages/5/5497530.jpg",
    "price": 6,
    "quantity": 0.32,
    "unitPrice": 18.8
  },
  {
    "name": "Tortilla Wholegrain Fajita",
    "url": "https://www.coles.com.au/product/old-el-paso-tortilla-wholegrain-fajita-240g-5361731",
    "img": "https://productimages.coles.com.au/productimages/5/5361731.jpg",
    "price": 4.5,
    "quantity": 0.24,
    "unitPrice": 18.8
  },
  {
    "name": "Regular Tortillas Fajita 6 Pack",
    "url": "https://www.coles.com.au/product/old-el-paso-regular-tortillas-fajita-6-pack-240g-7395392",
    "img": "https://productimages.coles.com.au/productimages/7/7395392.jpg",
    "price": 4.5,
    "quantity": 0.24,
    "unitPrice": 18.8
  },
  {
    "name": "Hot Pepper Paste",
    "url": "https://www.coles.com.au/product/ottogi-gochujang-hot-pepper-paste-170g-3328768",
    "img": "https://productimages.coles.com.au/productimages/3/3328768.jpg",
    "price": 3.2,
    "quantity": 0.17,
    "unitPrice": 18.8
  },
  {
    "name": "Xo Sauce Seafood Flavour Instant Noodles",
    "url": "https://www.coles.com.au/product/nissin-xo-sauce-seafood-flavour-instant-noodles-138g-1383710",
    "img": "https://productimages.coles.com.au/productimages/1/1383710.jpg",
    "price": 2.6,
    "quantity": 0.138,
    "unitPrice": 18.8
  },
  {
    "name": "Smooth Spread",
    "url": "https://www.coles.com.au/product/lotus-biscoff-smooth-spread-400g-3577219",
    "img": "https://productimages.coles.com.au/productimages/3/3577219.jpg",
    "price": 7.5,
    "quantity": 0.4,
    "unitPrice": 18.8
  },
  {
    "name": "Queensland Macadamia Honey",
    "url": "https://www.coles.com.au/product/coles-finest-queensland-macadamia-honey-400g-3579666",
    "img": "https://productimages.coles.com.au/productimages/3/3579666.jpg",
    "price": 7.5,
    "quantity": 0.4,
    "unitPrice": 18.8
  },
  {
    "name": "Australian Ironbark Honey",
    "url": "https://www.coles.com.au/product/coles-finest-australian-ironbark-honey-400g-6929470",
    "img": "https://productimages.coles.com.au/productimages/6/6929470.jpg",
    "price": 7.5,
    "quantity": 0.4,
    "unitPrice": 18.8
  },
  {
    "name": "Pure Australian Honey Squeeze",
    "url": "https://www.coles.com.au/product/beechworth-pure-australian-honey-squeeze-400g-7009637",
    "img": "https://productimages.coles.com.au/productimages/7/7009637.jpg",
    "price": 7.5,
    "quantity": 0.4,
    "unitPrice": 18.8
  },
  {
    "name": "I'M Free From Beef Sausage Roll",
    "url": "https://www.coles.com.au/product/coles-i'm-free-from-beef-sausage-roll-320g-5100240",
    "img": "https://productimages.coles.com.au/productimages/5/5100240.jpg",
    "price": 6,
    "quantity": 0.32,
    "unitPrice": 18.8
  },
  {
    "name": "Frozen French Style Crepes",
    "url": "https://www.coles.com.au/product/nanna's-frozen-french-style-crepes-400g-2523586",
    "img": "https://productimages.coles.com.au/productimages/2/2523586.jpg",
    "price": 7.5,
    "quantity": 0.4,
    "unitPrice": 18.8
  },
  {
    "name": "Frozen Custard Danish ",
    "url": "https://www.coles.com.au/product/sara-lee-frozen-custard-danish--400g-5672243",
    "img": "https://productimages.coles.com.au/productimages/5/5672243.jpg",
    "price": 7.5,
    "quantity": 0.4,
    "unitPrice": 18.8
  },
  {
    "name": "Nestle Sweetened Condensed Milk",
    "url": "https://www.woolworths.com.au/shop/productdetails/169393",
    "img": "https://cdn0.woolworths.media/content/wowproductimages/medium/169393.jpg",
    "price": 3.2,
    "quantity": 0.17,
    "unitPrice": 18.8
  },
  {
    "name": "Lurpak Spreadable Slightly Salted",
    "url": "https://www.woolworths.com.au/shop/productdetails/87702",
    "img": "https://cdn0.woolworths.media/content/wowproductimages/medium/087702.jpg",
    "price": 7.5,
    "quantity": 0.4,
    "unitPrice": 18.8
  },
  {
    "name": "Nestle Sweetened Condensed Milk",
    "url": "https://www.woolworths.com.au/shop/productdetails/169393",
    "img": "https://cdn0.woolworths.media/content/wowproductimages/medium/169393.jpg",
    "price": 3.2,
    "quantity": 0.17,
    "unitPrice": 18.8
  },
  {
    "name": "Yopro Danone High Protein Yoghurt No Added Sugar Vanilla",
    "url": "https://www.woolworths.com.au/shop/productdetails/646684",
    "img": "https://cdn0.woolworths.media/content/wowproductimages/medium/646684.jpg",
    "price": 3,
    "quantity": 0.16,
    "unitPrice": 18.8
  },
  {
    "name": "Yopro Danone High Protein Yoghurt No Added Sugar Strawberry",
    "url": "https://www.woolworths.com.au/shop/productdetails/646706",
    "img": "https://cdn0.woolworths.media/content/wowproductimages/medium/646706.jpg",
    "price": 3,
    "quantity": 0.16,
    "unitPrice": 18.8
  },
  {
    "name": "Yopro Danone High Protein Yoghurt No Added Sugar Salted Caramel",
    "url": "https://www.woolworths.com.au/shop/productdetails/83408",
    "img": "https://cdn0.woolworths.media/content/wowproductimages/medium/083408.jpg",
    "price": 3,
    "quantity": 0.16,
    "unitPrice": 18.8
  },
  {
    "name": "Yopro Danone High Protein Yoghurt No Added Sugar Mango",
    "url": "https://www.woolworths.com.au/shop/productdetails/646685",
    "img": "https://cdn0.woolworths.media/content/wowproductimages/medium/646685.jpg",
    "price": 3,
    "quantity": 0.16,
    "unitPrice": 18.8
  },
  {
    "name": "Gippsland Dairy Watermelon & Strawberry Twist Yoghurt",
    "url": "https://www.woolworths.com.au/shop/productdetails/768081",
    "img": "https://cdn0.woolworths.media/content/wowproductimages/medium/768081.jpg",
    "price": 3,
    "quantity": 0.16,
    "unitPrice": 18.8
  },
  {
    "name": "Yopro Danone High Protein Yoghurt No Added Sugar Banana",
    "url": "https://www.woolworths.com.au/shop/productdetails/689557",
    "img": "https://cdn0.woolworths.media/content/wowproductimages/medium/689557.jpg",
    "price": 3,
    "quantity": 0.16,
    "unitPrice": 18.8
  },
  {
    "name": "Yopro Danone High Protein Yoghurt No Added Sugar Passionfruit",
    "url": "https://www.woolworths.com.au/shop/productdetails/648070",
    "img": "https://cdn0.woolworths.media/content/wowproductimages/medium/648070.jpg",
    "price": 3,
    "quantity": 0.16,
    "unitPrice": 18.8
  },
  {
    "name": "Gippsland Dairy Toffee Honeycomb Twist Yoghurt",
    "url": "https://www.woolworths.com.au/shop/productdetails/753880",
    "img": "https://cdn0.woolworths.media/content/wowproductimages/medium/753880.jpg",
    "price": 3,
    "quantity": 0.16,
    "unitPrice": 18.8
  },
  {
    "name": "Gippsland Dairy Blueberry Twist Yoghurt",
    "url": "https://www.woolworths.com.au/shop/productdetails/740621",
    "img": "https://cdn0.woolworths.media/content/wowproductimages/medium/740621.jpg",
    "price": 3,
    "quantity": 0.16,
    "unitPrice": 18.8
  },
  {
    "name": "Gippsland Dairy Passionfruit Twist Yoghurt",
    "url": "https://www.woolworths.com.au/shop/productdetails/687826",
    "img": "https://cdn0.woolworths.media/content/wowproductimages/medium/687826.jpg",
    "price": 3,
    "quantity": 0.16,
    "unitPrice": 18.8
  },
  {
    "name": "Gippsland Dairy Mango & Blood Orange Twist Yoghurt",
    "url": "https://www.woolworths.com.au/shop/productdetails/740596",
    "img": "https://cdn0.woolworths.media/content/wowproductimages/medium/740596.jpg",
    "price": 3,
    "quantity": 0.16,
    "unitPrice": 18.8
  },
  {
    "name": "Gippsland Dairy Boysenberry Twist Yoghurt",
    "url": "https://www.woolworths.com.au/shop/productdetails/535631",
    "img": "https://cdn0.woolworths.media/content/wowproductimages/medium/535631.jpg",
    "price": 3,
    "quantity": 0.16,
    "unitPrice": 18.8
  },
  {
    "name": "Gippsland Dairy Twist Yoghurt Lemon Curd",
    "url": "https://www.woolworths.com.au/shop/productdetails/612012",
    "img": "https://cdn0.woolworths.media/content/wowproductimages/medium/612012.jpg",
    "price": 3,
    "quantity": 0.16,
    "unitPrice": 18.8
  },
  {
    "name": "Noshu 99% Sugar Free Low Carb Pancake Mix",
    "url": "https://www.woolworths.com.au/shop/productdetails/84629",
    "img": "https://cdn0.woolworths.media/content/wowproductimages/medium/084629.jpg",
    "price": 4.5,
    "quantity": 0.24,
    "unitPrice": 18.8
  },
  {
    "name": "Lotus Biscoff Spread",
    "url": "https://www.woolworths.com.au/shop/productdetails/670114",
    "img": "https://cdn0.woolworths.media/content/wowproductimages/medium/670114.jpg",
    "price": 7.5,
    "quantity": 0.4,
    "unitPrice": 18.8
  },
  {
    "name": "Beechworth 100% Pure Australian Honey Squeeze",
    "url": "https://www.woolworths.com.au/shop/productdetails/194384",
    "img": "https://cdn0.woolworths.media/content/wowproductimages/medium/194384.jpg",
    "price": 7.5,
    "quantity": 0.4,
    "unitPrice": 18.8
  },
  {
    "name": "Freedom Active Balance Cranberry & Buckwheat Cereal",
    "url": "https://www.woolworths.com.au/shop/productdetails/223889",
    "img": "https://cdn0.woolworths.media/content/wowproductimages/medium/223889.jpg",
    "price": 7.5,
    "quantity": 0.4,
    "unitPrice": 18.8
  },
  {
    "name": "Freedom Active Balance Maple & Almond Multigrain Flakes Cereal",
    "url": "https://www.woolworths.com.au/shop/productdetails/224616",
    "img": "https://cdn0.woolworths.media/content/wowproductimages/medium/224616.jpg",
    "price": 7.5,
    "quantity": 0.4,
    "unitPrice": 18.8
  },
  {
    "name": "Freedom Active Balance Cashews & Pepitas Cereal",
    "url": "https://www.woolworths.com.au/shop/productdetails/223871",
    "img": "https://cdn0.woolworths.media/content/wowproductimages/medium/223871.jpg",
    "price": 7.5,
    "quantity": 0.4,
    "unitPrice": 18.8
  },
  {
    "name": "Freedom Active Balance Almond & Cashew Multigrain Flakes Cereal",
    "url": "https://www.woolworths.com.au/shop/productdetails/224752",
    "img": "https://cdn0.woolworths.media/content/wowproductimages/medium/224752.jpg",
    "price": 7.5,
    "quantity": 0.4,
    "unitPrice": 18.8
  },
  {
    "name": "Adleys Honey Nothing But Honey Squeeze Pack",
    "url": "https://www.woolworths.com.au/shop/productdetails/806599",
    "img": "https://cdn0.woolworths.media/content/wowproductimages/medium/806599.jpg",
    "price": 7.5,
    "quantity": 0.4,
    "unitPrice": 18.8
  },
  {
    "name": "Noshu 99% Sugar Free Low Carb Pancake Mix",
    "url": "https://www.woolworths.com.au/shop/productdetails/84629",
    "img": "https://cdn0.woolworths.media/content/wowproductimages/medium/084629.jpg",
    "price": 4.5,
    "quantity": 0.24,
    "unitPrice": 18.8
  },
  {
    "name": "Noshu 98% Sugar Free Buttermilk Pancake Mix",
    "url": "https://www.woolworths.com.au/shop/productdetails/115760",
    "img": "https://cdn0.woolworths.media/content/wowproductimages/medium/115760.jpg",
    "price": 4.5,
    "quantity": 0.24,
    "unitPrice": 18.8
  },
  {
    "name": "Gerard Family Foods Agave Syrup",
    "url": "https://www.woolworths.com.au/shop/productdetails/281038",
    "img": "https://cdn0.woolworths.media/content/wowproductimages/medium/281038.jpg",
    "price": 6.5,
    "quantity": 0.345,
    "unitPrice": 18.8
  },
  {
    "name": "Beef Chuck Casserole Steak",
    "url": "https://www.coles.com.au/product/coles-beef-chuck-casserole-steak-850g-7361572",
    "img": "https://productimages.coles.com.au/productimages/7/7361572.jpg",
    "price": 16,
    "quantity": 0.85,
    "unitPrice": 18.82
  },
  {
    "name": "Frozen Coconut Chunks",
    "url": "https://www.coles.com.au/product/creative-gourmet-frozen-coconut-chunks-300g-3059928",
    "img": "https://productimages.coles.com.au/productimages/3/3059928.jpg",
    "price": 5.65,
    "quantity": 0.3,
    "unitPrice": 18.83
  },
  {
    "name": "Frozen Lychees",
    "url": "https://www.coles.com.au/product/creative-gourmet-frozen-lychees-300g-3311903",
    "img": "https://productimages.coles.com.au/productimages/3/3311903.jpg",
    "price": 5.65,
    "quantity": 0.3,
    "unitPrice": 18.83
  },
  {
    "name": "Frozen Passionfruit Pulp",
    "url": "https://www.coles.com.au/product/creative-gourmet-frozen-passionfruit-pulp-300g-3573047",
    "img": "https://productimages.coles.com.au/productimages/3/3573047.jpg",
    "price": 5.65,
    "quantity": 0.3,
    "unitPrice": 18.83
  },
  {
    "name": "Frozen Pink Dragonfruit Chunks",
    "url": "https://www.coles.com.au/product/creative-gourmet-frozen-pink-dragonfruit-chunks-300g-3573070",
    "img": "https://productimages.coles.com.au/productimages/3/3573070.jpg",
    "price": 5.65,
    "quantity": 0.3,
    "unitPrice": 18.83
  },
  {
    "name": "Frozen Raspberries",
    "url": "https://www.coles.com.au/product/creative-gourmet-frozen-raspberries-300g-5164388",
    "img": "https://productimages.coles.com.au/productimages/5/5164388.jpg",
    "price": 5.65,
    "quantity": 0.3,
    "unitPrice": 18.83
  },
  {
    "name": "Frozen Blueberries",
    "url": "https://www.coles.com.au/product/creative-gourmet-frozen-blueberries-300g-5164399",
    "img": "https://productimages.coles.com.au/productimages/5/5164399.jpg",
    "price": 5.65,
    "quantity": 0.3,
    "unitPrice": 18.83
  },
  {
    "name": "Gourmet Caramelised Onion Pork Sausage",
    "url": "https://www.coles.com.au/product/primo-gourmet-caramelised-onion-pork-sausage-450g-3768352",
    "img": "https://productimages.coles.com.au/productimages/3/3768352.jpg",
    "price": 8.5,
    "quantity": 0.45,
    "unitPrice": 18.89
  },
  {
    "name": "Gourmet Beef & Pork Chorizo Sausage",
    "url": "https://www.coles.com.au/product/primo-gourmet-beef-&-pork-chorizo-sausage-450g-3768374",
    "img": "https://productimages.coles.com.au/productimages/3/3768374.jpg",
    "price": 8.5,
    "quantity": 0.45,
    "unitPrice": 18.89
  },
  {
    "name": "Lamb Kebabs",
    "url": "https://www.coles.com.au/product/coles-lamb-kebabs-450g-3900020",
    "img": "https://productimages.coles.com.au/productimages/3/3900020.jpg",
    "price": 8.5,
    "quantity": 0.45,
    "unitPrice": 18.89
  },
  {
    "name": "Gourmet World Flavours South African Boerewors",
    "url": "https://www.coles.com.au/product/primo-gourmet-world-flavours-south-african-boerewors-450g-4469313",
    "img": "https://productimages.coles.com.au/productimages/4/4469313.jpg",
    "price": 8.5,
    "quantity": 0.45,
    "unitPrice": 18.89
  },
  {
    "name": "Gourmet World Flavours German Bratwurst Sausage",
    "url": "https://www.coles.com.au/product/primo-gourmet-world-flavours-german-bratwurst-sausage-450g-4469346",
    "img": "https://productimages.coles.com.au/productimages/4/4469346.jpg",
    "price": 8.5,
    "quantity": 0.45,
    "unitPrice": 18.89
  },
  {
    "name": "RSPCA Approved Chicken & Cheese Burgers",
    "url": "https://www.coles.com.au/product/coles-rspca-approved-chicken-&-cheese-burgers-450g-5932209",
    "img": "https://productimages.coles.com.au/productimages/5/5932209.jpg",
    "price": 8.5,
    "quantity": 0.45,
    "unitPrice": 18.89
  },
  {
    "name": "Woolworths Bbq Lamb Kebabs With Mint & Honey",
    "url": "https://www.woolworths.com.au/shop/productdetails/733123",
    "img": "https://cdn0.woolworths.media/content/wowproductimages/medium/733123.jpg",
    "price": 8.5,
    "quantity": 0.45,
    "unitPrice": 18.89
  },
  {
    "name": "Woolworths Bbq Beef Kebabs Mild Style",
    "url": "https://www.woolworths.com.au/shop/productdetails/162401",
    "img": "https://cdn0.woolworths.media/content/wowproductimages/medium/162401.jpg",
    "price": 8.5,
    "quantity": 0.45,
    "unitPrice": 18.89
  },
  {
    "name": "Peppercorn Smokehouse Cheese Kransky",
    "url": "https://www.woolworths.com.au/shop/productdetails/383769",
    "img": "https://cdn0.woolworths.media/content/wowproductimages/medium/383769.jpg",
    "price": 8.5,
    "quantity": 0.45,
    "unitPrice": 18.89
  },
  {
    "name": "Woolworths Bbq Sweet & Smoky Bbq Pork Kebabs",
    "url": "https://www.woolworths.com.au/shop/productdetails/278377",
    "img": "https://cdn0.woolworths.media/content/wowproductimages/medium/278377.jpg",
    "price": 8.5,
    "quantity": 0.45,
    "unitPrice": 18.89
  },
  {
    "name": "Peppercorn Smokehouse Aussie Franks",
    "url": "https://www.woolworths.com.au/shop/productdetails/385300",
    "img": "https://cdn0.woolworths.media/content/wowproductimages/medium/385300.jpg",
    "price": 8.5,
    "quantity": 0.45,
    "unitPrice": 18.89
  },
  {
    "name": "Choceur Cookies & Cream Chocolate Block",
    "url": "https://www.aldi.com.au/en/groceries/limited-time-only/limited-time-only-detail/ps/p/choceur-cookies-cream-chocolate-block-185g/",
    "img": "https://www.aldi.com.au/fileadmin/_processed_/7/c/csm_1001961-2_SEASONAL_1x1_228x128_B4_5_RET_84a1517478.png",
    "price": 3.49,
    "quantity": 0.185,
    "unitPrice": 18.9
  },
  {
    "name": "Choceur Cookies & Cream Chocolate Block",
    "url": "https://www.aldi.com.au/en/groceries/limited-time-only/limited-time-only-detail/ps/p/choceur-cookies-cream-chocolate-block-185g/",
    "img": "https://www.aldi.com.au/fileadmin/_processed_/7/c/csm_1001961-2_SEASONAL_1x1_228x128_B4_5_RET_84a1517478.png",
    "price": 3.49,
    "quantity": 0.185,
    "unitPrice": 18.9
  },
  {
    "name": "Squeeze",
    "url": "https://www.coles.com.au/product/b-honey-squeeze-450g-3789942",
    "img": "https://productimages.coles.com.au/productimages/3/3789942.jpg",
    "price": 8.5,
    "quantity": 0.45,
    "unitPrice": 18.9
  },
  {
    "name": "Glass",
    "url": "https://www.coles.com.au/product/b-honey-glass-450g-3789953",
    "img": "https://productimages.coles.com.au/productimages/3/3789953.jpg",
    "price": 8.5,
    "quantity": 0.45,
    "unitPrice": 18.9
  },
  {
    "name": "Coconuts For Mango",
    "url": "https://www.coles.com.au/product/proud-&-punch-coconuts-for-mango-450ml-3258662",
    "img": "https://productimages.coles.com.au/productimages/3/3258662.jpg",
    "price": 8.5,
    "quantity": 0.45,
    "unitPrice": 18.9
  },
  {
    "name": "Chocolate Banana Smoothie Pop 6 pack",
    "url": "https://www.coles.com.au/product/proud-&-punch-chocolate-banana-smoothie-pop-6-pack-450ml-3628014",
    "img": "https://productimages.coles.com.au/productimages/3/3628014.jpg",
    "price": 8.5,
    "quantity": 0.45,
    "unitPrice": 18.9
  },
  {
    "name": "Pining For Lime 6 pack",
    "url": "https://www.coles.com.au/product/proud-&-punch-pining-for-lime-6-pack-450ml-3948172",
    "img": "https://productimages.coles.com.au/productimages/3/3948172.jpg",
    "price": 8.5,
    "quantity": 0.45,
    "unitPrice": 18.9
  },
  {
    "name": "Cookies & Cream 6 Pack",
    "url": "https://www.coles.com.au/product/proud-&-punch-cookies-&-cream-6-pack-450ml-5488801",
    "img": "https://productimages.coles.com.au/productimages/5/5488801.jpg",
    "price": 8.5,
    "quantity": 0.45,
    "unitPrice": 18.9
  },
  {
    "name": "Freedom Classic Xo Cocoa Crunch Cereal 32% Whole Grain",
    "url": "https://www.woolworths.com.au/shop/productdetails/223975",
    "img": "https://cdn0.woolworths.media/content/wowproductimages/medium/223975.jpg",
    "price": 6.8,
    "quantity": 0.36,
    "unitPrice": 18.9
  },
  {
    "name": "Freedom Classic Maple Crunch Cereal",
    "url": "https://www.woolworths.com.au/shop/productdetails/224469",
    "img": "https://cdn0.woolworths.media/content/wowproductimages/medium/224469.jpg",
    "price": 6.8,
    "quantity": 0.36,
    "unitPrice": 18.9
  },
  {
    "name": "Dorset Nut Granola",
    "url": "https://www.woolworths.com.au/shop/productdetails/85470",
    "img": "https://cdn0.woolworths.media/content/wowproductimages/medium/085470.jpg",
    "price": 8.5,
    "quantity": 0.45,
    "unitPrice": 18.9
  },
  {
    "name": "Carman?s Gourmet Clusters Honey Roasted Nut",
    "url": "https://www.woolworths.com.au/shop/productdetails/383760",
    "img": "https://cdn0.woolworths.media/content/wowproductimages/medium/383760.jpg",
    "price": 8.5,
    "quantity": 0.45,
    "unitPrice": 18.9
  },
  {
    "name": "Freedom Classic Honey-o Crunch Cereal",
    "url": "https://www.woolworths.com.au/shop/productdetails/224782",
    "img": "https://cdn0.woolworths.media/content/wowproductimages/medium/224782.jpg",
    "price": 6.8,
    "quantity": 0.36,
    "unitPrice": 18.9
  },
  {
    "name": "Dorset Berry Granola",
    "url": "https://www.woolworths.com.au/shop/productdetails/85468",
    "img": "https://cdn0.woolworths.media/content/wowproductimages/medium/085468.jpg",
    "price": 8.5,
    "quantity": 0.45,
    "unitPrice": 18.9
  },
  {
    "name": "Carman?s Gourmet Clusters Cranberry, Apple & Roasted Nut",
    "url": "https://www.woolworths.com.au/shop/productdetails/385063",
    "img": "https://cdn0.woolworths.media/content/wowproductimages/medium/385063.jpg",
    "price": 8.5,
    "quantity": 0.45,
    "unitPrice": 18.9
  },
  {
    "name": "Hubbards Cocoa & Coconut Toasted Granola",
    "url": "https://www.woolworths.com.au/shop/productdetails/148981",
    "img": "https://cdn0.woolworths.media/content/wowproductimages/medium/148981.jpg",
    "price": 8.5,
    "quantity": 0.45,
    "unitPrice": 18.9
  },
  {
    "name": "Hubbards Vanilla & Almond Toasted Clusters",
    "url": "https://www.woolworths.com.au/shop/productdetails/149331",
    "img": "https://cdn0.woolworths.media/content/wowproductimages/medium/149331.jpg",
    "price": 8.5,
    "quantity": 0.45,
    "unitPrice": 18.9
  },
  {
    "name": "Hubbards Raspberry & Coconut Toasted Granola",
    "url": "https://www.woolworths.com.au/shop/productdetails/150504",
    "img": "https://cdn0.woolworths.media/content/wowproductimages/medium/150504.jpg",
    "price": 8.5,
    "quantity": 0.45,
    "unitPrice": 18.9
  },
  {
    "name": "Hubbards Almond & Pecan Toasted Muesli",
    "url": "https://www.woolworths.com.au/shop/productdetails/150076",
    "img": "https://cdn0.woolworths.media/content/wowproductimages/medium/150076.jpg",
    "price": 8.5,
    "quantity": 0.45,
    "unitPrice": 18.9
  },
  {
    "name": "Carman?s Gourmet Clusters Cinnamon Scroll",
    "url": "https://www.woolworths.com.au/shop/productdetails/383773",
    "img": "https://cdn0.woolworths.media/content/wowproductimages/medium/383773.jpg",
    "price": 8.5,
    "quantity": 0.45,
    "unitPrice": 18.9
  },
  {
    "name": "Hubbards Raspberry & Cacao Toasted Clusters",
    "url": "https://www.woolworths.com.au/shop/productdetails/148873",
    "img": "https://cdn0.woolworths.media/content/wowproductimages/medium/148873.jpg",
    "price": 8.5,
    "quantity": 0.45,
    "unitPrice": 18.9
  },
  {
    "name": "Hubbards Pomegranate & Blueberry Toasted Muesli",
    "url": "https://www.woolworths.com.au/shop/productdetails/150532",
    "img": "https://cdn0.woolworths.media/content/wowproductimages/medium/150532.jpg",
    "price": 8.5,
    "quantity": 0.45,
    "unitPrice": 18.9
  },
  {
    "name": "Woolworths Wild Alaskan Salmon & Lentil Salad",
    "url": "https://www.woolworths.com.au/shop/productdetails/132885",
    "img": "https://cdn0.woolworths.media/content/wowproductimages/medium/132885.jpg",
    "price": 3.5,
    "quantity": 0.185,
    "unitPrice": 18.92
  },
  {
    "name": "Kitchen Caesar Salad Kit",
    "url": "https://www.coles.com.au/product/coles-kitchen-caesar-salad-kit-290g-5515278",
    "img": "https://productimages.coles.com.au/productimages/5/5515278.jpg",
    "price": 5.5,
    "quantity": 0.29,
    "unitPrice": 18.97
  },
  {
    "name": "Cup Mushrooms Prepacked",
    "url": "https://www.coles.com.au/product/coles-cup-mushrooms-prepacked-200g-4829860",
    "img": "https://productimages.coles.com.au/productimages/4/4829860.jpg",
    "price": 3.8,
    "quantity": 0.2,
    "unitPrice": 19
  },
  {
    "name": "Sliced Mushrooms",
    "url": "https://www.coles.com.au/product/coles-sliced-mushrooms-200g-5750960",
    "img": "https://productimages.coles.com.au/productimages/5/5750960.jpg",
    "price": 3.8,
    "quantity": 0.2,
    "unitPrice": 19
  },
  {
    "name": "Apple & Cinnamon Yoghurt",
    "url": "https://www.coles.com.au/product/yog'n-oats-apple-&-cinnamon-yoghurt-150g-6615212",
    "img": "https://productimages.coles.com.au/productimages/6/6615212.jpg",
    "price": 2.85,
    "quantity": 0.15,
    "unitPrice": 19
  },
  {
    "name": "Yogurt Blueberry & Coconut",
    "url": "https://www.coles.com.au/product/yog'n-oats-yogurt-blueberry-&-coconut-150g-6616645",
    "img": "https://productimages.coles.com.au/productimages/6/6616645.jpg",
    "price": 2.85,
    "quantity": 0.15,
    "unitPrice": 19
  },
  {
    "name": "Mango & Passionfruit Yoghurt",
    "url": "https://www.coles.com.au/product/yog'n-oats-mango-&-passionfruit-yoghurt-150g-6616667",
    "img": "https://productimages.coles.com.au/productimages/6/6616667.jpg",
    "price": 2.85,
    "quantity": 0.15,
    "unitPrice": 19
  },
  {
    "name": "Double Cream",
    "url": "https://www.coles.com.au/product/meander-valley-double-cream-200ml-3308487",
    "img": "https://productimages.coles.com.au/productimages/3/3308487.jpg",
    "price": 3.8,
    "quantity": 0.2,
    "unitPrice": 19
  },
  {
    "name": "Dairy Low Fat Onion & Chives Cottage Cheese",
    "url": "https://www.coles.com.au/product/bulla-dairy-low-fat-onion-&-chives-cottage-cheese-200g-393967",
    "img": "https://productimages.coles.com.au/productimages/3/393967.jpg",
    "price": 3.8,
    "quantity": 0.2,
    "unitPrice": 19
  },
  {
    "name": "Dairy Low Fat Cottage Cheese Original",
    "url": "https://www.coles.com.au/product/bulla-dairy-low-fat-cottage-cheese-original-200g-393989",
    "img": "https://productimages.coles.com.au/productimages/3/393989.jpg",
    "price": 3.8,
    "quantity": 0.2,
    "unitPrice": 19
  },
  {
    "name": "Dollop Thick Cream",
    "url": "https://www.coles.com.au/product/bulla-dollop-thick-cream-200ml-6608148",
    "img": "https://productimages.coles.com.au/productimages/6/6608148.jpg",
    "price": 3.8,
    "quantity": 0.2,
    "unitPrice": 19
  },
  {
    "name": "Full Cream Instant Milk Powder",
    "url": "https://www.coles.com.au/product/a2-full-cream-instant-milk-powder-1kg-2412654",
    "img": "https://productimages.coles.com.au/productimages/2/2412654.jpg",
    "price": 19,
    "quantity": 1,
    "unitPrice": 19
  },
  {
    "name": "Jumbo Sausage Roll 2Pk",
    "url": "https://www.coles.com.au/product/national-jumbo-sausage-roll-2pk-420g-5763473",
    "img": "https://productimages.coles.com.au/productimages/5/5763473.jpg",
    "price": 8,
    "quantity": 0.42,
    "unitPrice": 19
  },
  {
    "name": "Apple & Cinnamon Yoghurt",
    "url": "https://www.coles.com.au/product/yog'n-oats-apple-&-cinnamon-yoghurt-150g-6615212",
    "img": "https://productimages.coles.com.au/productimages/6/6615212.jpg",
    "price": 2.85,
    "quantity": 0.15,
    "unitPrice": 19
  },
  {
    "name": "Yogurt Blueberry & Coconut",
    "url": "https://www.coles.com.au/product/yog'n-oats-yogurt-blueberry-&-coconut-150g-6616645",
    "img": "https://productimages.coles.com.au/productimages/6/6616645.jpg",
    "price": 2.85,
    "quantity": 0.15,
    "unitPrice": 19
  },
  {
    "name": "Mango & Passionfruit Yoghurt",
    "url": "https://www.coles.com.au/product/yog'n-oats-mango-&-passionfruit-yoghurt-150g-6616667",
    "img": "https://productimages.coles.com.au/productimages/6/6616667.jpg",
    "price": 2.85,
    "quantity": 0.15,
    "unitPrice": 19
  },
  {
    "name": "Double Cream",
    "url": "https://www.coles.com.au/product/meander-valley-double-cream-200ml-3308487",
    "img": "https://productimages.coles.com.au/productimages/3/3308487.jpg",
    "price": 3.8,
    "quantity": 0.2,
    "unitPrice": 19
  },
  {
    "name": "Dairy Low Fat Onion & Chives Cottage Cheese",
    "url": "https://www.coles.com.au/product/bulla-dairy-low-fat-onion-&-chives-cottage-cheese-200g-393967",
    "img": "https://productimages.coles.com.au/productimages/3/393967.jpg",
    "price": 3.8,
    "quantity": 0.2,
    "unitPrice": 19
  },
  {
    "name": "Dairy Low Fat Cottage Cheese Original",
    "url": "https://www.coles.com.au/product/bulla-dairy-low-fat-cottage-cheese-original-200g-393989",
    "img": "https://productimages.coles.com.au/productimages/3/393989.jpg",
    "price": 3.8,
    "quantity": 0.2,
    "unitPrice": 19
  },
  {
    "name": "Dollop Thick Cream",
    "url": "https://www.coles.com.au/product/bulla-dollop-thick-cream-200ml-6608148",
    "img": "https://productimages.coles.com.au/productimages/6/6608148.jpg",
    "price": 3.8,
    "quantity": 0.2,
    "unitPrice": 19
  },
  {
    "name": "Full Cream Instant Milk Powder",
    "url": "https://www.coles.com.au/product/a2-full-cream-instant-milk-powder-1kg-2412654",
    "img": "https://productimages.coles.com.au/productimages/2/2412654.jpg",
    "price": 19,
    "quantity": 1,
    "unitPrice": 19
  },
  {
    "name": "Jumbo Sausage Roll 2Pk",
    "url": "https://www.coles.com.au/product/national-jumbo-sausage-roll-2pk-420g-5763473",
    "img": "https://productimages.coles.com.au/productimages/5/5763473.jpg",
    "price": 8,
    "quantity": 0.42,
    "unitPrice": 19
  },
  {
    "name": "Streaky Bacon",
    "url": "https://www.coles.com.au/product/primo-streaky-bacon-approx.-100g-4304302",
    "img": "https://productimages.coles.com.au/productimages/4/4304302.jpg",
    "price": 1.9,
    "quantity": 0.1,
    "unitPrice": 19
  },
  {
    "name": "Seafood Salad",
    "url": "https://www.coles.com.au/product/coles-deli-seafood-salad-approx.-250g-1026032",
    "img": "https://productimages.coles.com.au/productimages/1/1026032.jpg",
    "price": 4.75,
    "quantity": 0.25,
    "unitPrice": 19
  },
  {
    "name": "Thawed Barramundi Fillets",
    "url": "https://www.coles.com.au/product/coles-deli-thawed-barramundi-fillets-approx.-350g-9586449",
    "img": "https://productimages.coles.com.au/productimages/9/9586449.jpg",
    "price": 6.65,
    "quantity": 0.35,
    "unitPrice": 19
  },
  {
    "name": "Herb & Garlic Bread Crumbs",
    "url": "https://www.coles.com.au/product/kook-'a'-crumb-herb-&-garlic-bread-crumbs-200g-8263310",
    "img": "https://productimages.coles.com.au/productimages/8/8263310.jpg",
    "price": 3.7,
    "quantity": 0.2,
    "unitPrice": 19
  },
  {
    "name": "Panko Breadcrumbs",
    "url": "https://www.coles.com.au/product/kooka-a-krumb-panko-breadcrumbs-190g-1437230",
    "img": "https://productimages.coles.com.au/productimages/1/1437230.jpg",
    "price": 3.7,
    "quantity": 0.19,
    "unitPrice": 19
  },
  {
    "name": "Herb & Garlic Bread Crumbs",
    "url": "https://www.coles.com.au/product/kook-'a'-crumb-herb-&-garlic-bread-crumbs-200g-8263310",
    "img": "https://productimages.coles.com.au/productimages/8/8263310.jpg",
    "price": 3.7,
    "quantity": 0.2,
    "unitPrice": 19
  },
  {
    "name": "Italian Blend Beans Coffee",
    "url": "https://www.coles.com.au/product/caffe-aurora-italian-blend-beans-coffee-1kg-4824415",
    "img": "https://productimages.coles.com.au/productimages/4/4824415.jpg",
    "price": 19,
    "quantity": 1,
    "unitPrice": 19
  },
  {
    "name": "Italian Blend Beans Coffee",
    "url": "https://www.coles.com.au/product/caffe-aurora-italian-blend-beans-coffee-1kg-4824415",
    "img": "https://productimages.coles.com.au/productimages/4/4824415.jpg",
    "price": 19,
    "quantity": 1,
    "unitPrice": 19
  },
  {
    "name": "Fenugreek Seeds",
    "url": "https://www.coles.com.au/product/pattu-fenugreek-seeds-100g-3339367",
    "img": "https://productimages.coles.com.au/productimages/3/3339367.jpg",
    "price": 1.85,
    "quantity": 0.1,
    "unitPrice": 19
  },
  {
    "name": "Passage To Asia Satay Chicken Stir Fry Sauce",
    "url": "https://www.coles.com.au/product/passage-foods-passage-to-asia-satay-chicken-stir-fry-sauce-200g-2020610",
    "img": "https://productimages.coles.com.au/productimages/2/2020610.jpg",
    "price": 3.8,
    "quantity": 0.2,
    "unitPrice": 19
  },
  {
    "name": "Ghee Bombay Halwa",
    "url": "https://www.coles.com.au/product/grb-ghee-bombay-halwa-200g-3339447",
    "img": "https://productimages.coles.com.au/productimages/3/3339447.jpg",
    "price": 3.8,
    "quantity": 0.2,
    "unitPrice": 19
  },
  {
    "name": "Hoisin & Garlic Stir Fry Sauce",
    "url": "https://www.coles.com.au/product/passage-to-asia-hoisin-&-garlic-stir-fry-sauce-200g-3746316",
    "img": "https://productimages.coles.com.au/productimages/3/3746316.jpg",
    "price": 3.8,
    "quantity": 0.2,
    "unitPrice": 19
  },
  {
    "name": "Cantonese Beef Stir Fry Sauce",
    "url": "https://www.coles.com.au/product/passage-to-asia-cantonese-beef-stir-fry-sauce-200g-4304109",
    "img": "https://productimages.coles.com.au/productimages/4/4304109.jpg",
    "price": 3.8,
    "quantity": 0.2,
    "unitPrice": 19
  },
  {
    "name": "Passage to Asia Pad Thai Stir Fry Sauce Pouch",
    "url": "https://www.coles.com.au/product/passage-foods-passage-to-asia-pad-thai-stir-fry-sauce-pouch-200g-6799942",
    "img": "https://productimages.coles.com.au/productimages/6/6799942.jpg",
    "price": 3.8,
    "quantity": 0.2,
    "unitPrice": 19
  },
  {
    "name": "Thai Red Curry Simmer Sauce",
    "url": "https://www.coles.com.au/product/passage-to-asia-thai-red-curry-simmer-sauce-200g-7047240",
    "img": "https://productimages.coles.com.au/productimages/7/7047240.jpg",
    "price": 3.8,
    "quantity": 0.2,
    "unitPrice": 19
  },
  {
    "name": "Honey Soy Stir Fry Sauce",
    "url": "https://www.coles.com.au/product/passage-to-asia-honey-soy-stir-fry-sauce-200g-8765974",
    "img": "https://productimages.coles.com.au/productimages/8/8765974.jpg",
    "price": 3.8,
    "quantity": 0.2,
    "unitPrice": 19
  },
  {
    "name": "Passage To Asia Teriyaki Chicken Stir Fry Sauce",
    "url": "https://www.coles.com.au/product/passage-foods-passage-to-asia-teriyaki-chicken-stir-fry-sauce-200g-8766220",
    "img": "https://productimages.coles.com.au/productimages/8/8766220.jpg",
    "price": 3.8,
    "quantity": 0.2,
    "unitPrice": 19
  },
  {
    "name": "Hard N Soft Taco Kit Mexican Style",
    "url": "https://www.coles.com.au/product/old-el-paso-hard-n-soft-taco-kit-mexican-style-350g-5293041",
    "img": "https://productimages.coles.com.au/productimages/5/5293041.jpg",
    "price": 6.65,
    "quantity": 0.35,
    "unitPrice": 19
  },
  {
    "name": "Chilli & Garlic Sauce",
    "url": "https://www.coles.com.au/product/lee-kum-kee-chilli-&-garlic-sauce-226g-6065698",
    "img": "https://productimages.coles.com.au/productimages/6/6065698.jpg",
    "price": 4.3,
    "quantity": 0.226,
    "unitPrice": 19
  },
  {
    "name": "XO Five Spices Mushroom Sauce",
    "url": "https://www.coles.com.au/product/baishanzu-xo-five-spices-mushroom-sauce-210g-1383970",
    "img": "https://productimages.coles.com.au/productimages/1/1383970.jpg",
    "price": 4,
    "quantity": 0.21,
    "unitPrice": 19
  },
  {
    "name": "XO Garlic Mushroom Sauce",
    "url": "https://www.coles.com.au/product/baishanzu-xo-garlic-mushroom-sauce-210g-1383980",
    "img": "https://productimages.coles.com.au/productimages/1/1383980.jpg",
    "price": 4,
    "quantity": 0.21,
    "unitPrice": 19
  },
  {
    "name": "XO Szechuan Mushroom Sauce",
    "url": "https://www.coles.com.au/product/baishanzu-xo-szechuan-mushroom-sauce-210g-1384000",
    "img": "https://productimages.coles.com.au/productimages/1/1384000.jpg",
    "price": 4,
    "quantity": 0.21,
    "unitPrice": 19
  },
  {
    "name": "Plum Sauce",
    "url": "https://www.coles.com.au/product/ayam-plum-sauce-210ml-14639",
    "img": "https://productimages.coles.com.au/productimages/1/14639.jpg",
    "price": 4,
    "quantity": 0.21,
    "unitPrice": 19
  },
  {
    "name": "Lemon Chicken Sauce",
    "url": "https://www.coles.com.au/product/ayam-lemon-chicken-sauce-210ml-2001682",
    "img": "https://productimages.coles.com.au/productimages/2/2001682.jpg",
    "price": 4,
    "quantity": 0.21,
    "unitPrice": 19
  },
  {
    "name": "San Choy Bao Sauce",
    "url": "https://www.coles.com.au/product/ayam-san-choy-bao-sauce-210ml-2001707",
    "img": "https://productimages.coles.com.au/productimages/2/2001707.jpg",
    "price": 4,
    "quantity": 0.21,
    "unitPrice": 19
  },
  {
    "name": "Vegetarian Oyster Sauce",
    "url": "https://www.coles.com.au/product/ayam-vegetarian-oyster-sauce-210ml-3755260",
    "img": "https://productimages.coles.com.au/productimages/3/3755260.jpg",
    "price": 4,
    "quantity": 0.21,
    "unitPrice": 19
  },
  {
    "name": "Hoi Sin Sauce",
    "url": "https://www.coles.com.au/product/ayam-hoi-sin-sauce-210ml-480530",
    "img": "https://productimages.coles.com.au/productimages/4/480530.jpg",
    "price": 4,
    "quantity": 0.21,
    "unitPrice": 19
  },
  {
    "name": "Oyster Sauce",
    "url": "https://www.coles.com.au/product/ayam-oyster-sauce-210ml-480960",
    "img": "https://productimages.coles.com.au/productimages/4/480960.jpg",
    "price": 4,
    "quantity": 0.21,
    "unitPrice": 19
  },
  {
    "name": "Black Bean Sauce",
    "url": "https://www.coles.com.au/product/ayam-black-bean-sauce-210ml-60614",
    "img": "https://productimages.coles.com.au/productimages/6/60614.jpg",
    "price": 4,
    "quantity": 0.21,
    "unitPrice": 19
  },
  {
    "name": "Fish Sauce",
    "url": "https://www.coles.com.au/product/ayam-fish-sauce-210ml-6082824",
    "img": "https://productimages.coles.com.au/productimages/6/6082824.jpg",
    "price": 4,
    "quantity": 0.21,
    "unitPrice": 19
  },
  {
    "name": "Teriyaki Sauce",
    "url": "https://www.coles.com.au/product/ayam-teriyaki-sauce-210ml-6082835",
    "img": "https://productimages.coles.com.au/productimages/6/6082835.jpg",
    "price": 4,
    "quantity": 0.21,
    "unitPrice": 19
  },
  {
    "name": "Honey & Soy Sauce",
    "url": "https://www.coles.com.au/product/ayam-honey-&-soy-sauce-210ml-6801035",
    "img": "https://productimages.coles.com.au/productimages/6/6801035.jpg",
    "price": 4,
    "quantity": 0.21,
    "unitPrice": 19
  },
  {
    "name": "Sweet & Sour Sauce",
    "url": "https://www.coles.com.au/product/ayam-sweet-&-sour-sauce-210ml-6801782",
    "img": "https://productimages.coles.com.au/productimages/6/6801782.jpg",
    "price": 4,
    "quantity": 0.21,
    "unitPrice": 19
  },
  {
    "name": "Australian Apricot Jam",
    "url": "https://www.coles.com.au/product/beerenberg-australian-apricot-jam-300g-6993650",
    "img": "https://productimages.coles.com.au/productimages/6/6993650.jpg",
    "price": 5.7,
    "quantity": 0.3,
    "unitPrice": 19
  },
  {
    "name": "Australian Orange Marmalade",
    "url": "https://www.coles.com.au/product/beerenberg-australian-orange-marmalade-300g-6993708",
    "img": "https://productimages.coles.com.au/productimages/6/6993708.jpg",
    "price": 5.7,
    "quantity": 0.3,
    "unitPrice": 19
  },
  {
    "name": "Australian Strawberry Jam",
    "url": "https://www.coles.com.au/product/beerenberg-australian-strawberry-jam-300g-6993720",
    "img": "https://productimages.coles.com.au/productimages/6/6993720.jpg",
    "price": 5.7,
    "quantity": 0.3,
    "unitPrice": 19
  },
  {
    "name": "Australian Raspberry Jam",
    "url": "https://www.coles.com.au/product/beerenberg-australian-raspberry-jam-300g-7251723",
    "img": "https://productimages.coles.com.au/productimages/7/7251723.jpg",
    "price": 5.7,
    "quantity": 0.3,
    "unitPrice": 19
  },
  {
    "name": "Extra Virgin Olive Oil",
    "url": "https://www.coles.com.au/product/red-island-extra-virgin-olive-oil-250ml-4484770",
    "img": "https://productimages.coles.com.au/productimages/4/4484770.jpg",
    "price": 4.75,
    "quantity": 0.25,
    "unitPrice": 19
  },
  {
    "name": "Vitality Macadamia Oil",
    "url": "https://www.coles.com.au/product/suncoast-gold-vitality-macadamia-oil-500ml-5890732",
    "img": "https://productimages.coles.com.au/productimages/5/5890732.jpg",
    "price": 9.5,
    "quantity": 0.5,
    "unitPrice": 19
  },
  {
    "name": "Beef Style Stock Cubes 21 pack",
    "url": "https://www.coles.com.au/product/coles-beef-style-stock-cubes-21-pack-105g-3455674",
    "img": "https://productimages.coles.com.au/productimages/3/3455674.jpg",
    "price": 2,
    "quantity": 0.105,
    "unitPrice": 19
  },
  {
    "name": "Chicken Stock Cubes 21 pack",
    "url": "https://www.coles.com.au/product/coles-chicken-stock-cubes-21-pack-105g-3455685",
    "img": "https://productimages.coles.com.au/productimages/3/3455685.jpg",
    "price": 2,
    "quantity": 0.105,
    "unitPrice": 19
  },
  {
    "name": "Vegetable Stock Cubes 21 pack",
    "url": "https://www.coles.com.au/product/coles-vegetable-stock-cubes-21-pack-105g-3455696",
    "img": "https://productimages.coles.com.au/productimages/3/3455696.jpg",
    "price": 2,
    "quantity": 0.105,
    "unitPrice": 19
  },
  {
    "name": "Tenders",
    "url": "https://www.coles.com.au/product/meet-tenders-250g-3990747",
    "img": "https://productimages.coles.com.au/productimages/3/3990747.jpg",
    "price": 4.75,
    "quantity": 0.25,
    "unitPrice": 19
  },
  {
    "name": "Strips",
    "url": "https://www.coles.com.au/product/meet-strips-250g-3990758",
    "img": "https://productimages.coles.com.au/productimages/3/3990758.jpg",
    "price": 4.75,
    "quantity": 0.25,
    "unitPrice": 19
  },
  {
    "name": "Pub Size Bangers & Mash",
    "url": "https://www.coles.com.au/product/mccain-pub-size-bangers-&-mash-500g-2944154",
    "img": "https://productimages.coles.com.au/productimages/2/2944154.jpg",
    "price": 9.5,
    "quantity": 0.5,
    "unitPrice": 19
  },
  {
    "name": "Frozen Party Pasties 12 pack",
    "url": "https://www.coles.com.au/product/patties-frozen-party-pasties-12-pack-500g-5237131",
    "img": "https://productimages.coles.com.au/productimages/5/5237131.jpg",
    "price": 9.5,
    "quantity": 0.5,
    "unitPrice": 19
  },
  {
    "name": "Graze Grass Fed No Added Hormone Beef Mince",
    "url": "https://www.coles.com.au/product/coles-graze-grass-fed-no-added-hormone-beef-mince-500g-2820606",
    "img": "https://productimages.coles.com.au/productimages/2/2820606.jpg",
    "price": 9.5,
    "quantity": 0.5,
    "unitPrice": 19
  },
  {
    "name": "Seafood Salad",
    "url": "https://www.coles.com.au/product/coles-deli-seafood-salad-approx.-250g-1026032",
    "img": "https://productimages.coles.com.au/productimages/1/1026032.jpg",
    "price": 4.75,
    "quantity": 0.25,
    "unitPrice": 19
  },
  {
    "name": "Thawed Barramundi Fillets",
    "url": "https://www.coles.com.au/product/coles-deli-thawed-barramundi-fillets-approx.-350g-9586449",
    "img": "https://productimages.coles.com.au/productimages/9/9586449.jpg",
    "price": 6.65,
    "quantity": 0.35,
    "unitPrice": 19
  },
  {
    "name": "Red Island Cold Pressed Olive Oil Extra Virgin",
    "url": "https://www.woolworths.com.au/shop/productdetails/217225",
    "img": "https://cdn0.woolworths.media/content/wowproductimages/medium/217225.jpg",
    "price": 9.5,
    "quantity": 0.5,
    "unitPrice": 19
  },
  {
    "name": "Red Island Extra Virgin Olive Oil Extra Virgin",
    "url": "https://www.woolworths.com.au/shop/productdetails/217214",
    "img": "https://cdn0.woolworths.media/content/wowproductimages/medium/217214.jpg",
    "price": 4.75,
    "quantity": 0.25,
    "unitPrice": 19
  },
  {
    "name": "Woolworths Barramundi Thawed Fillets",
    "url": "https://www.woolworths.com.au/shop/productdetails/71587",
    "img": "https://cdn0.woolworths.media/content/wowproductimages/medium/071587.jpg",
    "price": 19,
    "quantity": 1,
    "unitPrice": 19
  },
  {
    "name": "Gourmet Seafood Salad Chilled Premium Gourmet",
    "url": "https://www.woolworths.com.au/shop/productdetails/97444",
    "img": "https://cdn0.woolworths.media/content/wowproductimages/medium/097444.jpg",
    "price": 19,
    "quantity": 1,
    "unitPrice": 19
  },
  {
    "name": "Thawed Barramundi Fillets Bag And Bake Teriyaki Ginger",
    "url": "https://www.woolworths.com.au/shop/productdetails/859284",
    "img": "https://cdn0.woolworths.media/content/wowproductimages/medium/859284.jpg",
    "price": 19,
    "quantity": 1,
    "unitPrice": 19
  },
  {
    "name": "Thawed Skinned Ling Fillets Bag & Bake Teriyaki Ginger",
    "url": "https://www.woolworths.com.au/shop/productdetails/859300",
    "img": "https://cdn0.woolworths.media/content/wowproductimages/medium/859300.jpg",
    "price": 19,
    "quantity": 1,
    "unitPrice": 19
  },
  {
    "name": "Hart & Soul Pho Noodle Soup Cooking Kit",
    "url": "https://www.woolworths.com.au/shop/productdetails/202149",
    "img": "https://cdn0.woolworths.media/content/wowproductimages/medium/202149.jpg",
    "price": 5,
    "quantity": 0.263,
    "unitPrice": 19
  },
  {
    "name": "D'orsogna Shortcut Bacon",
    "url": "https://www.woolworths.com.au/shop/productdetails/71841",
    "img": "https://cdn0.woolworths.media/content/wowproductimages/medium/071841.jpg",
    "price": 19,
    "quantity": 1,
    "unitPrice": 19
  },
  {
    "name": "Pork Belly",
    "url": "https://www.woolworths.com.au/shop/productdetails/764465",
    "img": "https://cdn0.woolworths.media/content/wowproductimages/medium/764465.jpg",
    "price": 24.7,
    "quantity": 1.3,
    "unitPrice": 19
  },
  {
    "name": "Masterfoods Shaker Fries Charcoal Chicken Flavour Seasoning",
    "url": "https://www.woolworths.com.au/shop/productdetails/60864",
    "img": "https://cdn0.woolworths.media/content/wowproductimages/medium/060864.jpg",
    "price": 3.5,
    "quantity": 0.185,
    "unitPrice": 19
  },
  {
    "name": "Mitani Chicken Salt",
    "url": "https://www.woolworths.com.au/shop/productdetails/58611",
    "img": "https://cdn0.woolworths.media/content/wowproductimages/medium/058611.jpg",
    "price": 3.8,
    "quantity": 0.2,
    "unitPrice": 19
  },
  {
    "name": "Just Foods Crushed Ginger Organic",
    "url": "https://www.woolworths.com.au/shop/productdetails/445815",
    "img": "https://cdn0.woolworths.media/content/wowproductimages/medium/445815.jpg",
    "price": 3.5,
    "quantity": 0.185,
    "unitPrice": 19
  },
  {
    "name": "The Food Company Garlic Chilli Thai Basil",
    "url": "https://www.woolworths.com.au/shop/productdetails/716225",
    "img": "https://cdn0.woolworths.media/content/wowproductimages/medium/716225.jpg",
    "price": 4.5,
    "quantity": 0.24,
    "unitPrice": 19
  },
  {
    "name": "The Food Company Onion, Garlic & Chilli",
    "url": "https://www.woolworths.com.au/shop/productdetails/169756",
    "img": "https://cdn0.woolworths.media/content/wowproductimages/medium/169756.jpg",
    "price": 4.5,
    "quantity": 0.24,
    "unitPrice": 19
  },
  {
    "name": "The Food Company Garlic, Ginger & Shallots",
    "url": "https://www.woolworths.com.au/shop/productdetails/169764",
    "img": "https://cdn0.woolworths.media/content/wowproductimages/medium/169764.jpg",
    "price": 4.5,
    "quantity": 0.24,
    "unitPrice": 19
  },
  {
    "name": "Beerenberg Strawberry Jam",
    "url": "https://www.woolworths.com.au/shop/productdetails/321571",
    "img": "https://cdn0.woolworths.media/content/wowproductimages/medium/321571.jpg",
    "price": 5.7,
    "quantity": 0.3,
    "unitPrice": 19
  },
  {
    "name": "Beerenberg Raspberry Jam",
    "url": "https://www.woolworths.com.au/shop/productdetails/326802",
    "img": "https://cdn0.woolworths.media/content/wowproductimages/medium/326802.jpg",
    "price": 5.7,
    "quantity": 0.3,
    "unitPrice": 19
  },
  {
    "name": "Beerenberg Blackberry Jam",
    "url": "https://www.woolworths.com.au/shop/productdetails/326800",
    "img": "https://cdn0.woolworths.media/content/wowproductimages/medium/326800.jpg",
    "price": 5.7,
    "quantity": 0.3,
    "unitPrice": 19
  },
  {
    "name": "Beerenberg Blood Orange Marmalade",
    "url": "https://www.woolworths.com.au/shop/productdetails/828149",
    "img": "https://cdn0.woolworths.media/content/wowproductimages/medium/828149.jpg",
    "price": 5.7,
    "quantity": 0.3,
    "unitPrice": 19
  },
  {
    "name": "Ayam Teriyaki Sauce",
    "url": "https://www.woolworths.com.au/shop/productdetails/11062",
    "img": "https://cdn0.woolworths.media/content/wowproductimages/medium/011062.jpg",
    "price": 4,
    "quantity": 0.21,
    "unitPrice": 19
  },
  {
    "name": "Passage To Asia Teriyaki Chicken",
    "url": "https://www.woolworths.com.au/shop/productdetails/703375",
    "img": "https://cdn0.woolworths.media/content/wowproductimages/medium/703375.jpg",
    "price": 3.8,
    "quantity": 0.2,
    "unitPrice": 19
  },
  {
    "name": "Ayam Fish Sauce",
    "url": "https://www.woolworths.com.au/shop/productdetails/35848",
    "img": "https://cdn0.woolworths.media/content/wowproductimages/medium/035848.jpg",
    "price": 4,
    "quantity": 0.21,
    "unitPrice": 19
  },
  {
    "name": "Passage To Asia Pad Thai",
    "url": "https://www.woolworths.com.au/shop/productdetails/307476",
    "img": "https://cdn0.woolworths.media/content/wowproductimages/medium/307476.jpg",
    "price": 3.8,
    "quantity": 0.2,
    "unitPrice": 19
  },
  {
    "name": "Passage To Asia Thai Basil & Sweet Chili",
    "url": "https://www.woolworths.com.au/shop/productdetails/307473",
    "img": "https://cdn0.woolworths.media/content/wowproductimages/medium/307473.jpg",
    "price": 3.8,
    "quantity": 0.2,
    "unitPrice": 19
  },
  {
    "name": "Passage To Asia Chinese Hoisin Stir Fry Sauce",
    "url": "https://www.woolworths.com.au/shop/productdetails/63925",
    "img": "https://cdn0.woolworths.media/content/wowproductimages/medium/063925.jpg",
    "price": 3.8,
    "quantity": 0.2,
    "unitPrice": 19
  },
  {
    "name": "Passage To Asia Satay Chicken",
    "url": "https://www.woolworths.com.au/shop/productdetails/703559",
    "img": "https://cdn0.woolworths.media/content/wowproductimages/medium/703559.jpg",
    "price": 3.8,
    "quantity": 0.2,
    "unitPrice": 19
  },
  {
    "name": "Ayam Oyster Sauce",
    "url": "https://www.woolworths.com.au/shop/productdetails/87179",
    "img": "https://cdn0.woolworths.media/content/wowproductimages/medium/087179.jpg",
    "price": 4,
    "quantity": 0.21,
    "unitPrice": 19
  },
  {
    "name": "Ayam Hoisin Sauce",
    "url": "https://www.woolworths.com.au/shop/productdetails/87180",
    "img": "https://cdn0.woolworths.media/content/wowproductimages/medium/087180.jpg",
    "price": 4,
    "quantity": 0.21,
    "unitPrice": 19
  },
  {
    "name": "Passage To Asia Green Thai Sauce",
    "url": "https://www.woolworths.com.au/shop/productdetails/64673",
    "img": "https://cdn0.woolworths.media/content/wowproductimages/medium/064673.jpg",
    "price": 3.8,
    "quantity": 0.2,
    "unitPrice": 19
  },
  {
    "name": "Ayam Lemon Chicken Sauce",
    "url": "https://www.woolworths.com.au/shop/productdetails/863732",
    "img": "https://cdn0.woolworths.media/content/wowproductimages/medium/863732.jpg",
    "price": 4,
    "quantity": 0.21,
    "unitPrice": 19
  },
  {
    "name": "Ayam Honey & Soy Marinade Sauce",
    "url": "https://www.woolworths.com.au/shop/productdetails/370454",
    "img": "https://cdn0.woolworths.media/content/wowproductimages/medium/370454.jpg",
    "price": 4,
    "quantity": 0.21,
    "unitPrice": 19
  },
  {
    "name": "Ayam Plum Sauce",
    "url": "https://www.woolworths.com.au/shop/productdetails/35816",
    "img": "https://cdn0.woolworths.media/content/wowproductimages/medium/035816.jpg",
    "price": 4,
    "quantity": 0.21,
    "unitPrice": 19
  },
  {
    "name": "Passage To Asia Honey & Soy Chicken Stir Fry Sauce",
    "url": "https://www.woolworths.com.au/shop/productdetails/703584",
    "img": "https://cdn0.woolworths.media/content/wowproductimages/medium/703584.jpg",
    "price": 3.8,
    "quantity": 0.2,
    "unitPrice": 19
  },
  {
    "name": "Passage To Asia Singapore Noodles",
    "url": "https://www.woolworths.com.au/shop/productdetails/743586",
    "img": "https://cdn0.woolworths.media/content/wowproductimages/medium/743586.jpg",
    "price": 3.8,
    "quantity": 0.2,
    "unitPrice": 19
  },
  {
    "name": "Passage To Thailand Massaman Curry Simmer Sauce",
    "url": "https://www.woolworths.com.au/shop/productdetails/552563",
    "img": "https://cdn0.woolworths.media/content/wowproductimages/medium/552563.jpg",
    "price": 3.8,
    "quantity": 0.2,
    "unitPrice": 19
  },
  {
    "name": "Ayam San Choy Bao Sauce",
    "url": "https://www.woolworths.com.au/shop/productdetails/123048",
    "img": "https://cdn0.woolworths.media/content/wowproductimages/medium/123048.jpg",
    "price": 4,
    "quantity": 0.21,
    "unitPrice": 19
  },
  {
    "name": "Ayam Vegetarian Oyster Sauce",
    "url": "https://www.woolworths.com.au/shop/productdetails/683100",
    "img": "https://cdn0.woolworths.media/content/wowproductimages/medium/683100.jpg",
    "price": 4,
    "quantity": 0.21,
    "unitPrice": 19
  },
  {
    "name": "Ayam Blackbean Sauce",
    "url": "https://www.woolworths.com.au/shop/productdetails/86913",
    "img": "https://cdn0.woolworths.media/content/wowproductimages/medium/086913.jpg",
    "price": 4,
    "quantity": 0.21,
    "unitPrice": 19
  },
  {
    "name": "Continental Classics Pasta & Sauce Macaroni Cheese Serves 2",
    "url": "https://www.woolworths.com.au/shop/productdetails/230941",
    "img": "https://cdn0.woolworths.media/content/wowproductimages/medium/230941.jpg",
    "price": 2,
    "quantity": 0.105,
    "unitPrice": 19.05
  },
  {
    "name": "Stand N Stuff Soft Taco Kit Mexican Style",
    "url": "https://www.coles.com.au/product/old-el-paso-stand-n-stuff-soft-taco-kit-mexican-style-348g-1868130",
    "img": "https://productimages.coles.com.au/productimages/1/1868130.jpg",
    "price": 6.65,
    "quantity": 0.348,
    "unitPrice": 19.1
  },
  {
    "name": "Mango Chutney Mild",
    "url": "https://www.coles.com.au/product/patak's-mango-chutney-mild-340g-5029713",
    "img": "https://productimages.coles.com.au/productimages/5/5029713.jpg",
    "price": 6.5,
    "quantity": 0.34,
    "unitPrice": 19.1
  },
  {
    "name": "Chilli Con Carne",
    "url": "https://www.coles.com.au/product/super-vegan-chilli-con-carne-350g-5638530",
    "img": "https://productimages.coles.com.au/productimages/5/5638530.jpg",
    "price": 6.7,
    "quantity": 0.35,
    "unitPrice": 19.1
  },
  {
    "name": "Super Vegan Lasagn",
    "url": "https://www.coles.com.au/product/super-nature-super-vegan-lasagn-350g-7035808",
    "img": "https://productimages.coles.com.au/productimages/7/7035808.jpg",
    "price": 6.7,
    "quantity": 0.35,
    "unitPrice": 19.1
  },
  {
    "name": "Mug Shot Creamy Cheese Pasta",
    "url": "https://www.woolworths.com.au/shop/productdetails/109137",
    "img": "https://cdn0.woolworths.media/content/wowproductimages/medium/109137.jpg",
    "price": 1.3,
    "quantity": 0.068,
    "unitPrice": 19.1
  },
  {
    "name": "Dry Roasted Almonds",
    "url": "https://www.coles.com.au/product/coles-dry-roasted-almonds-350g-3337259",
    "img": "https://productimages.coles.com.au/productimages/3/3337259.jpg",
    "price": 6.7,
    "quantity": 0.35,
    "unitPrice": 19.14
  },
  {
    "name": "Dry Roasted Almonds",
    "url": "https://www.coles.com.au/product/coles-dry-roasted-almonds-350g-3337259",
    "img": "https://productimages.coles.com.au/productimages/3/3337259.jpg",
    "price": 6.7,
    "quantity": 0.35,
    "unitPrice": 19.14
  },
  {
    "name": "Woolworths Almonds Blanched",
    "url": "https://www.woolworths.com.au/shop/productdetails/726259",
    "img": "https://cdn0.woolworths.media/content/wowproductimages/medium/726259.jpg",
    "price": 2.3,
    "quantity": 0.12,
    "unitPrice": 19.17
  },
  {
    "name": "Mascarpone",
    "url": "https://www.coles.com.au/product/coles-mascarpone-250g-2212600",
    "img": "https://productimages.coles.com.au/productimages/2/2212600.jpg",
    "price": 4.8,
    "quantity": 0.25,
    "unitPrice": 19.2
  },
  {
    "name": "Mascarpone",
    "url": "https://www.coles.com.au/product/coles-mascarpone-250g-2212600",
    "img": "https://productimages.coles.com.au/productimages/2/2212600.jpg",
    "price": 4.8,
    "quantity": 0.25,
    "unitPrice": 19.2
  },
  {
    "name": "Double Chocolate Pudding",
    "url": "https://www.coles.com.au/product/green's-double-chocolate-pudding-260g-3660108",
    "img": "https://productimages.coles.com.au/productimages/3/3660108.jpg",
    "price": 5,
    "quantity": 0.26,
    "unitPrice": 19.2
  },
  {
    "name": "Temptations Banana Caramel Pudding",
    "url": "https://www.coles.com.au/product/greens-temptations-banana-caramel-pudding-260g-3660120",
    "img": "https://productimages.coles.com.au/productimages/3/3660120.jpg",
    "price": 5,
    "quantity": 0.26,
    "unitPrice": 19.2
  },
  {
    "name": "Double Chocolate Pudding",
    "url": "https://www.coles.com.au/product/green's-double-chocolate-pudding-260g-3660108",
    "img": "https://productimages.coles.com.au/productimages/3/3660108.jpg",
    "price": 5,
    "quantity": 0.26,
    "unitPrice": 19.2
  },
  {
    "name": "Gluten Free Coco Pops Breakfast Cereal",
    "url": "https://www.coles.com.au/product/kellogg's-gluten-free-coco-pops-breakfast-cereal-390g-4308813",
    "img": "https://productimages.coles.com.au/productimages/4/4308813.jpg",
    "price": 7.5,
    "quantity": 0.39,
    "unitPrice": 19.2
  },
  {
    "name": "Coffee & Chicory Essence",
    "url": "https://www.coles.com.au/product/bushells-coffee-&-chicory-essence-250ml-116708",
    "img": "https://productimages.coles.com.au/productimages/1/116708.jpg",
    "price": 4.8,
    "quantity": 0.25,
    "unitPrice": 19.2
  },
  {
    "name": "Coffee & Chicory Essence",
    "url": "https://www.coles.com.au/product/bushells-coffee-&-chicory-essence-250ml-116708",
    "img": "https://productimages.coles.com.au/productimages/1/116708.jpg",
    "price": 4.8,
    "quantity": 0.25,
    "unitPrice": 19.2
  },
  {
    "name": "Clear Honey Twist & Squeeze",
    "url": "https://www.coles.com.au/product/capilano-clear-honey-twist-&-squeeze-375g-7000188",
    "img": "https://productimages.coles.com.au/productimages/7/7000188.jpg",
    "price": 7.2,
    "quantity": 0.375,
    "unitPrice": 19.2
  },
  {
    "name": "Spread",
    "url": "https://www.coles.com.au/product/vegemite-spread-380g-5998852",
    "img": "https://productimages.coles.com.au/productimages/5/5998852.jpg",
    "price": 7.3,
    "quantity": 0.38,
    "unitPrice": 19.2
  },
  {
    "name": "Peking Duck Pastry",
    "url": "https://www.coles.com.au/product/king-of-kings-peking-duck-pastry-130g-5300646",
    "img": "https://productimages.coles.com.au/productimages/5/5300646.jpg",
    "price": 2.5,
    "quantity": 0.13,
    "unitPrice": 19.2
  },
  {
    "name": "Coconut",
    "url": "https://www.coles.com.au/product/bamboostick-coconut-390g-6509940",
    "img": "https://productimages.coles.com.au/productimages/6/6509940.jpg",
    "price": 7.5,
    "quantity": 0.39,
    "unitPrice": 19.2
  },
  {
    "name": "Mango",
    "url": "https://www.coles.com.au/product/bamboostick-mango-390g-6510043",
    "img": "https://productimages.coles.com.au/productimages/6/6510043.jpg",
    "price": 7.5,
    "quantity": 0.39,
    "unitPrice": 19.2
  },
  {
    "name": "Red Bean",
    "url": "https://www.coles.com.au/product/bamboostick-red-bean-390g-6510054",
    "img": "https://productimages.coles.com.au/productimages/6/6510054.jpg",
    "price": 7.5,
    "quantity": 0.39,
    "unitPrice": 19.2
  },
  {
    "name": "Capilano 100% Pure Australian Honey Low Gi Squeeze",
    "url": "https://www.woolworths.com.au/shop/productdetails/97064",
    "img": "https://cdn0.woolworths.media/content/wowproductimages/medium/097064.jpg",
    "price": 4.8,
    "quantity": 0.25,
    "unitPrice": 19.2
  },
  {
    "name": "Vegemite Spread",
    "url": "https://www.woolworths.com.au/shop/productdetails/796439",
    "img": "https://cdn0.woolworths.media/content/wowproductimages/medium/796439.jpg",
    "price": 7.3,
    "quantity": 0.38,
    "unitPrice": 19.2
  },
  {
    "name": "Kellogg's Coco Pops Gluten Free Breakfast Cereal",
    "url": "https://www.woolworths.com.au/shop/productdetails/164024",
    "img": "https://cdn0.woolworths.media/content/wowproductimages/medium/164024.jpg",
    "price": 7.5,
    "quantity": 0.39,
    "unitPrice": 19.2
  },
  {
    "name": "Mutti Organic Tomato Paste Double Concentrated",
    "url": "https://www.woolworths.com.au/shop/productdetails/218066",
    "img": "https://cdn0.woolworths.media/content/wowproductimages/medium/218066.jpg",
    "price": 2.5,
    "quantity": 0.13,
    "unitPrice": 19.2
  },
  {
    "name": "Leggo's Providore D'italia Tomato Paste Triple Concentrate",
    "url": "https://www.woolworths.com.au/shop/productdetails/150875",
    "img": "https://cdn0.woolworths.media/content/wowproductimages/medium/150875.jpg",
    "price": 2.5,
    "quantity": 0.13,
    "unitPrice": 19.2
  },
  {
    "name": "Leggo's Providore D'italia Tomato & Basil Paste Triple Concentrate",
    "url": "https://www.woolworths.com.au/shop/productdetails/150991",
    "img": "https://cdn0.woolworths.media/content/wowproductimages/medium/150991.jpg",
    "price": 2.5,
    "quantity": 0.13,
    "unitPrice": 19.2
  },
  {
    "name": "Marinara Seafood Mix",
    "url": "https://www.coles.com.au/product/coles-marinara-seafood-mix-1kg-4847385",
    "img": "https://productimages.coles.com.au/productimages/4/4847385.jpg",
    "price": 19.25,
    "quantity": 1,
    "unitPrice": 19.25
  },
  {
    "name": "Soy Yogurt Mango Passionfruit",
    "url": "https://www.coles.com.au/product/vitasoy-soy-yogurt-mango-passionfruit-140g-6614581",
    "img": "https://productimages.coles.com.au/productimages/6/6614581.jpg",
    "price": 2.7,
    "quantity": 0.14,
    "unitPrice": 19.3
  },
  {
    "name": "Soy Yogurt Strawberry",
    "url": "https://www.coles.com.au/product/vitasoy-soy-yogurt-strawberry-140g-6614592",
    "img": "https://productimages.coles.com.au/productimages/6/6614592.jpg",
    "price": 2.7,
    "quantity": 0.14,
    "unitPrice": 19.3
  },
  {
    "name": "Kitchen Quiche Lorraine",
    "url": "https://www.coles.com.au/product/coles-kitchen-quiche-lorraine-700g-4218437",
    "img": "https://productimages.coles.com.au/productimages/4/4218437.jpg",
    "price": 13.5,
    "quantity": 0.7,
    "unitPrice": 19.3
  },
  {
    "name": "Kitchen Zucchini Slice",
    "url": "https://www.coles.com.au/product/coles-kitchen-zucchini-slice-700g-4218743",
    "img": "https://productimages.coles.com.au/productimages/4/4218743.jpg",
    "price": 13.5,
    "quantity": 0.7,
    "unitPrice": 19.3
  },
  {
    "name": "Kitchen Quiche Pumpkin Fetta & Spinach",
    "url": "https://www.coles.com.au/product/coles-kitchen-quiche-pumpkin-fetta-&-spinach-700g-4219418",
    "img": "https://productimages.coles.com.au/productimages/4/4219418.jpg",
    "price": 13.5,
    "quantity": 0.7,
    "unitPrice": 19.3
  },
  {
    "name": "Soy Yogurt Mango Passionfruit",
    "url": "https://www.coles.com.au/product/vitasoy-soy-yogurt-mango-passionfruit-140g-6614581",
    "img": "https://productimages.coles.com.au/productimages/6/6614581.jpg",
    "price": 2.7,
    "quantity": 0.14,
    "unitPrice": 19.3
  },
  {
    "name": "Soy Yogurt Strawberry",
    "url": "https://www.coles.com.au/product/vitasoy-soy-yogurt-strawberry-140g-6614592",
    "img": "https://productimages.coles.com.au/productimages/6/6614592.jpg",
    "price": 2.7,
    "quantity": 0.14,
    "unitPrice": 19.3
  },
  {
    "name": "Kitchen Quiche Lorraine",
    "url": "https://www.coles.com.au/product/coles-kitchen-quiche-lorraine-700g-4218437",
    "img": "https://productimages.coles.com.au/productimages/4/4218437.jpg",
    "price": 13.5,
    "quantity": 0.7,
    "unitPrice": 19.3
  },
  {
    "name": "Jo Cluster Puffs Chocolate Holiday",
    "url": "https://www.coles.com.au/product/farmer-jo-cluster-puffs-chocolate-holiday-350g-7053832",
    "img": "https://productimages.coles.com.au/productimages/7/7053832.jpg",
    "price": 6.75,
    "quantity": 0.35,
    "unitPrice": 19.3
  },
  {
    "name": "Cluster Puffs Cinnamon Wonder",
    "url": "https://www.coles.com.au/product/farmer-jo-cluster-puffs-cinnamon-wonder-350g-7053876",
    "img": "https://productimages.coles.com.au/productimages/7/7053876.jpg",
    "price": 6.75,
    "quantity": 0.35,
    "unitPrice": 19.3
  },
  {
    "name": "Froot Loops Breakfast Cereal",
    "url": "https://www.coles.com.au/product/kellogg's-froot-loops-breakfast-cereal-285g-8492066",
    "img": "https://productimages.coles.com.au/productimages/8/8492066.jpg",
    "price": 5.5,
    "quantity": 0.285,
    "unitPrice": 19.3
  },
  {
    "name": "Jumbo Taco Kit Mild",
    "url": "https://www.coles.com.au/product/old-el-paso-jumbo-taco-kit-mild-345g-9742533",
    "img": "https://productimages.coles.com.au/productimages/9/9742533.jpg",
    "price": 6.65,
    "quantity": 0.345,
    "unitPrice": 19.3
  },
  {
    "name": "Hard N Soft Taco Kit Mexican Style",
    "url": "https://www.coles.com.au/product/old-el-paso-hard-n-soft-taco-kit-mexican-style-560g-3198640",
    "img": "https://productimages.coles.com.au/productimages/3/3198640.jpg",
    "price": 10.8,
    "quantity": 0.56,
    "unitPrice": 19.3
  },
  {
    "name": "Chu Hou Paste",
    "url": "https://www.coles.com.au/product/lee-kum-kee-chu-hou-paste-368g-3643084",
    "img": "https://productimages.coles.com.au/productimages/3/3643084.jpg",
    "price": 7.1,
    "quantity": 0.368,
    "unitPrice": 19.3
  },
  {
    "name": "Rice Porridge With Abalone",
    "url": "https://www.coles.com.au/product/ottogi-rice-porridge-with-abalone-285g-6161498",
    "img": "https://productimages.coles.com.au/productimages/6/6161498.jpg",
    "price": 5.5,
    "quantity": 0.285,
    "unitPrice": 19.3
  },
  {
    "name": "Woolworths Free From Gluten Dairy Free Chocolate Cheesecake",
    "url": "https://www.woolworths.com.au/shop/productdetails/808593",
    "img": "https://cdn0.woolworths.media/content/wowproductimages/medium/808593.jpg",
    "price": 13,
    "quantity": 0.675,
    "unitPrice": 19.3
  },
  {
    "name": "Woolworths Carrot Cake",
    "url": "https://www.woolworths.com.au/shop/productdetails/143989",
    "img": "https://cdn0.woolworths.media/content/wowproductimages/medium/143989.jpg",
    "price": 29,
    "quantity": 1.5,
    "unitPrice": 19.3
  },
  {
    "name": "Woolworths Free From Gluten Dairy Free Chocolate Cheesecake",
    "url": "https://www.woolworths.com.au/shop/productdetails/808593",
    "img": "https://cdn0.woolworths.media/content/wowproductimages/medium/808593.jpg",
    "price": 13,
    "quantity": 0.675,
    "unitPrice": 19.3
  },
  {
    "name": "Vitasoy Greek Style Soy Yogurt Hint Of Strawberry",
    "url": "https://www.woolworths.com.au/shop/productdetails/230157",
    "img": "https://cdn0.woolworths.media/content/wowproductimages/medium/230157.jpg",
    "price": 2.7,
    "quantity": 0.14,
    "unitPrice": 19.3
  },
  {
    "name": "Vitasoy Greek Style Soy Yogurt Hint Of Mango & Passionfruit",
    "url": "https://www.woolworths.com.au/shop/productdetails/232038",
    "img": "https://cdn0.woolworths.media/content/wowproductimages/medium/232038.jpg",
    "price": 2.7,
    "quantity": 0.14,
    "unitPrice": 19.3
  },
  {
    "name": "Vitasoy Greek Style Soy Yogurt Hint Of Vanilla",
    "url": "https://www.woolworths.com.au/shop/productdetails/230622",
    "img": "https://cdn0.woolworths.media/content/wowproductimages/medium/230622.jpg",
    "price": 2.7,
    "quantity": 0.14,
    "unitPrice": 19.3
  },
  {
    "name": "Kangaroo Burgers",
    "url": "https://www.coles.com.au/product/k-roo-kangaroo-burgers-440g-8450565",
    "img": "https://productimages.coles.com.au/productimages/8/8450565.jpg",
    "price": 8.5,
    "quantity": 0.44,
    "unitPrice": 19.32
  },
  {
    "name": "K-roo Kangaroo Burger",
    "url": "https://www.woolworths.com.au/shop/productdetails/713466",
    "img": "https://cdn0.woolworths.media/content/wowproductimages/medium/713466.jpg",
    "price": 8.5,
    "quantity": 0.44,
    "unitPrice": 19.32
  },
  {
    "name": "Organic Salted Butter",
    "url": "https://www.coles.com.au/product/coles-organic-salted-butter-250g-3519416",
    "img": "https://productimages.coles.com.au/productimages/3/3519416.jpg",
    "price": 4.85,
    "quantity": 0.25,
    "unitPrice": 19.4
  },
  {
    "name": "Organic Unsalted Butter",
    "url": "https://www.coles.com.au/product/coles-organic-unsalted-butter-250g-3938260",
    "img": "https://productimages.coles.com.au/productimages/3/3938260.jpg",
    "price": 4.85,
    "quantity": 0.25,
    "unitPrice": 19.4
  },
  {
    "name": "Guardian Psyllium Breakfast Cereal",
    "url": "https://www.coles.com.au/product/kellogg's-guardian-psyllium-breakfast-cereal-360g-8492237",
    "img": "https://productimages.coles.com.au/productimages/8/8492237.jpg",
    "price": 7,
    "quantity": 0.36,
    "unitPrice": 19.4
  },
  {
    "name": "Shrimp Tom Yum Noodles Jumbo Pack",
    "url": "https://www.coles.com.au/product/mama-shrimp-tom-yum-noodles-jumbo-pack-90g-3736822",
    "img": "https://productimages.coles.com.au/productimages/3/3736822.jpg",
    "price": 1.75,
    "quantity": 0.09,
    "unitPrice": 19.4
  },
  {
    "name": "Pork Noodles Jumbo Pack",
    "url": "https://www.coles.com.au/product/mama-pork-noodles-jumbo-pack-90g-3736913",
    "img": "https://productimages.coles.com.au/productimages/3/3736913.jpg",
    "price": 1.75,
    "quantity": 0.09,
    "unitPrice": 19.4
  },
  {
    "name": "Jumbo Pack Curry Noodles",
    "url": "https://www.coles.com.au/product/mama-green-curry-jumbo-pack-curry-noodles-90g-6158620",
    "img": "https://productimages.coles.com.au/productimages/6/6158620.jpg",
    "price": 1.75,
    "quantity": 0.09,
    "unitPrice": 19.4
  },
  {
    "name": "Chicken Noodles Jumbo Pack",
    "url": "https://www.coles.com.au/product/mama-chicken-noodles-jumbo-pack-90g-6158686",
    "img": "https://productimages.coles.com.au/productimages/6/6158686.jpg",
    "price": 1.75,
    "quantity": 0.09,
    "unitPrice": 19.4
  },
  {
    "name": "Pure Honey Squeeze",
    "url": "https://www.coles.com.au/product/capilano-pure-honey-squeeze-340g-2630269",
    "img": "https://productimages.coles.com.au/productimages/2/2630269.jpg",
    "price": 6.6,
    "quantity": 0.34,
    "unitPrice": 19.4
  },
  {
    "name": "Macro Organic Salted Butter",
    "url": "https://www.woolworths.com.au/shop/productdetails/367791",
    "img": "https://cdn0.woolworths.media/content/wowproductimages/medium/367791.jpg",
    "price": 4.85,
    "quantity": 0.25,
    "unitPrice": 19.4
  },
  {
    "name": "Continental Classics Fried Rice Oriental Family Pack",
    "url": "https://www.woolworths.com.au/shop/productdetails/79602",
    "img": "https://cdn0.woolworths.media/content/wowproductimages/medium/079602.jpg",
    "price": 3.5,
    "quantity": 0.18,
    "unitPrice": 19.4
  },
  {
    "name": "Capilano 100% Pure Australian Honey Squeeze",
    "url": "https://www.woolworths.com.au/shop/productdetails/954138",
    "img": "https://cdn0.woolworths.media/content/wowproductimages/medium/954138.jpg",
    "price": 6.6,
    "quantity": 0.34,
    "unitPrice": 19.4
  },
  {
    "name": "Mutti Rotondo Rich & Bold Tomato Sauce",
    "url": "https://www.woolworths.com.au/shop/productdetails/316283",
    "img": "https://cdn0.woolworths.media/content/wowproductimages/medium/316283.jpg",
    "price": 5.2,
    "quantity": 0.268,
    "unitPrice": 19.4
  },
  {
    "name": "Mutti Baby Roma Naturally Sweet Tomato Sauce",
    "url": "https://www.woolworths.com.au/shop/productdetails/313984",
    "img": "https://cdn0.woolworths.media/content/wowproductimages/medium/313984.jpg",
    "price": 5.2,
    "quantity": 0.268,
    "unitPrice": 19.4
  },
  {
    "name": "Woolworths Cook Mild Mexican Inspired Pork Taco Kit",
    "url": "https://www.woolworths.com.au/shop/productdetails/189421",
    "img": "https://cdn0.woolworths.media/content/wowproductimages/medium/189421.jpg",
    "price": 16.5,
    "quantity": 0.85,
    "unitPrice": 19.41
  },
  {
    "name": "Pouch Of Purity Organic Blueberry Yoghurt",
    "url": "https://www.coles.com.au/product/jalna-pouch-of-purity-organic-blueberry-yoghurt-100g-3536561",
    "img": "https://productimages.coles.com.au/productimages/3/3536561.jpg",
    "price": 1.95,
    "quantity": 0.1,
    "unitPrice": 19.5
  },
  {
    "name": "Pouch Of Purity Organic Vanilla Yoghurt",
    "url": "https://www.coles.com.au/product/jalna-pouch-of-purity-organic-vanilla-yoghurt-100g-3536572",
    "img": "https://productimages.coles.com.au/productimages/3/3536572.jpg",
    "price": 1.95,
    "quantity": 0.1,
    "unitPrice": 19.5
  },
  {
    "name": "Pouch Of Purity Organic Strawberry Yoghurt",
    "url": "https://www.coles.com.au/product/jalna-pouch-of-purity-organic-strawberry-yoghurt-100g-3536583",
    "img": "https://productimages.coles.com.au/productimages/3/3536583.jpg",
    "price": 1.95,
    "quantity": 0.1,
    "unitPrice": 19.5
  },
  {
    "name": "Pouch Of Purity Organic Yoghurt Tropical",
    "url": "https://www.coles.com.au/product/jalna-pouch-of-purity-organic-yoghurt-tropical-100g-5312496",
    "img": "https://productimages.coles.com.au/productimages/5/5312496.jpg",
    "price": 1.95,
    "quantity": 0.1,
    "unitPrice": 19.5
  },
  {
    "name": "Traditional Bacon Pieces",
    "url": "https://www.coles.com.au/product/primo-traditional-bacon-pieces-approx.-100g-4712863",
    "img": "https://productimages.coles.com.au/productimages/4/4712863.jpg",
    "price": 1.95,
    "quantity": 0.1,
    "unitPrice": 19.5
  },
  {
    "name": "Baking 100% Natural Sweetener",
    "url": "https://www.coles.com.au/product/whole-earth-baking-100%-natural-sweetener-600g-3771867",
    "img": "https://productimages.coles.com.au/productimages/3/3771867.jpg",
    "price": 11.7,
    "quantity": 0.6,
    "unitPrice": 19.5
  },
  {
    "name": "Bright Start By Cornflakes Berry Flavour",
    "url": "https://www.coles.com.au/product/kellogg's-bright-start-by-cornflakes-berry-flavour-400g-6733718",
    "img": "https://productimages.coles.com.au/productimages/6/6733718.jpg",
    "price": 7.8,
    "quantity": 0.4,
    "unitPrice": 19.5
  },
  {
    "name": "Bright Start Cornflakes Honey",
    "url": "https://www.coles.com.au/product/kellogg's-bright-start-cornflakes-honey-400g-6733730",
    "img": "https://productimages.coles.com.au/productimages/6/6733730.jpg",
    "price": 7.8,
    "quantity": 0.4,
    "unitPrice": 19.5
  },
  {
    "name": "Strong Coffee Ground",
    "url": "https://www.coles.com.au/product/harris-strong-coffee-ground-1kg-3755383",
    "img": "https://productimages.coles.com.au/productimages/3/3755383.jpg",
    "price": 19.5,
    "quantity": 1,
    "unitPrice": 19.5
  },
  {
    "name": "Strong Coffee Ground",
    "url": "https://www.coles.com.au/product/harris-strong-coffee-ground-1kg-3755383",
    "img": "https://productimages.coles.com.au/productimages/3/3755383.jpg",
    "price": 19.5,
    "quantity": 1,
    "unitPrice": 19.5
  },
  {
    "name": "John West Kipper Fillets In Brine",
    "url": "https://www.woolworths.com.au/shop/productdetails/1471",
    "img": "https://cdn0.woolworths.media/content/wowproductimages/medium/001471.jpg",
    "price": 3.9,
    "quantity": 0.2,
    "unitPrice": 19.5
  },
  {
    "name": "John West Herrings In Tomato Sauce",
    "url": "https://www.woolworths.com.au/shop/productdetails/92895",
    "img": "https://cdn0.woolworths.media/content/wowproductimages/medium/092895.jpg",
    "price": 3.9,
    "quantity": 0.2,
    "unitPrice": 19.5
  },
  {
    "name": "Woolworths Indulgent Chocolate & Caramel Cake",
    "url": "https://www.woolworths.com.au/shop/productdetails/103356",
    "img": "https://cdn0.woolworths.media/content/wowproductimages/medium/103356.jpg",
    "price": 7.8,
    "quantity": 0.4,
    "unitPrice": 19.5
  },
  {
    "name": "Woolworths Zesty Lemon Cake",
    "url": "https://www.woolworths.com.au/shop/productdetails/103357",
    "img": "https://cdn0.woolworths.media/content/wowproductimages/medium/103357.jpg",
    "price": 7.8,
    "quantity": 0.4,
    "unitPrice": 19.5
  },
  {
    "name": "Woolworths Indulgent Chocolate & Caramel Cake",
    "url": "https://www.woolworths.com.au/shop/productdetails/103356",
    "img": "https://cdn0.woolworths.media/content/wowproductimages/medium/103356.jpg",
    "price": 7.8,
    "quantity": 0.4,
    "unitPrice": 19.5
  },
  {
    "name": "Woolworths Zesty Lemon Cake",
    "url": "https://www.woolworths.com.au/shop/productdetails/103357",
    "img": "https://cdn0.woolworths.media/content/wowproductimages/medium/103357.jpg",
    "price": 7.8,
    "quantity": 0.4,
    "unitPrice": 19.5
  },
  {
    "name": "Macro Organic Round Beans",
    "url": "https://www.woolworths.com.au/shop/productdetails/306567",
    "img": "https://cdn0.woolworths.media/content/wowproductimages/medium/306567.jpg",
    "price": 3.9,
    "quantity": 0.2,
    "unitPrice": 19.5
  },
  {
    "name": "Jalna Pouch Of Purity Strawberry Yoghurt",
    "url": "https://www.woolworths.com.au/shop/productdetails/170038",
    "img": "https://cdn0.woolworths.media/content/wowproductimages/medium/170038.jpg",
    "price": 1.95,
    "quantity": 0.1,
    "unitPrice": 19.5
  },
  {
    "name": "Jalna Pouch Of Purity Vanilla Yoghurt",
    "url": "https://www.woolworths.com.au/shop/productdetails/170294",
    "img": "https://cdn0.woolworths.media/content/wowproductimages/medium/170294.jpg",
    "price": 1.95,
    "quantity": 0.1,
    "unitPrice": 19.5
  },
  {
    "name": "Jalna Pouch Of Purity Blueberry Yoghurt",
    "url": "https://www.woolworths.com.au/shop/productdetails/169387",
    "img": "https://cdn0.woolworths.media/content/wowproductimages/medium/169387.jpg",
    "price": 1.95,
    "quantity": 0.1,
    "unitPrice": 19.5
  },
  {
    "name": "Chobani Halloween Greek Yoghurt Marshmallow Pouch",
    "url": "https://www.woolworths.com.au/shop/productdetails/243759",
    "img": "https://cdn0.woolworths.media/content/wowproductimages/medium/243759.jpg",
    "price": 2.15,
    "quantity": 0.11,
    "unitPrice": 19.5
  },
  {
    "name": "Deli Leg Ham Shaved From The Deli",
    "url": "https://www.woolworths.com.au/shop/productdetails/130276",
    "img": "https://cdn0.woolworths.media/content/wowproductimages/medium/130276.jpg",
    "price": 19.5,
    "quantity": 1,
    "unitPrice": 19.5
  },
  {
    "name": "D'orsogna Diced Bacon",
    "url": "https://www.woolworths.com.au/shop/productdetails/71860",
    "img": "https://cdn0.woolworths.media/content/wowproductimages/medium/071860.jpg",
    "price": 19.5,
    "quantity": 1,
    "unitPrice": 19.5
  },
  {
    "name": "Kook A Krumb Panko Breadcrumbs",
    "url": "https://www.woolworths.com.au/shop/productdetails/648312",
    "img": "https://cdn0.woolworths.media/content/wowproductimages/medium/648312.jpg",
    "price": 3.7,
    "quantity": 0.19,
    "unitPrice": 19.5
  },
  {
    "name": "Kellogg's Bright Start Honey Cereal",
    "url": "https://www.woolworths.com.au/shop/productdetails/372306",
    "img": "https://cdn0.woolworths.media/content/wowproductimages/medium/372306.jpg",
    "price": 7.8,
    "quantity": 0.4,
    "unitPrice": 19.5
  },
  {
    "name": "Kellogg's Bright Start  Berry Flavour Cereal",
    "url": "https://www.woolworths.com.au/shop/productdetails/372301",
    "img": "https://cdn0.woolworths.media/content/wowproductimages/medium/372301.jpg",
    "price": 7.8,
    "quantity": 0.4,
    "unitPrice": 19.5
  },
  {
    "name": "Macro Organic Frozen Blueberries",
    "url": "https://www.woolworths.com.au/shop/productdetails/815126",
    "img": "https://cdn0.woolworths.media/content/wowproductimages/medium/815126.jpg",
    "price": 8.8,
    "quantity": 0.45,
    "unitPrice": 19.56
  },
  {
    "name": "Macro Organic Frozen Mango",
    "url": "https://www.woolworths.com.au/shop/productdetails/815130",
    "img": "https://cdn0.woolworths.media/content/wowproductimages/medium/815130.jpg",
    "price": 8.8,
    "quantity": 0.45,
    "unitPrice": 19.56
  },
  {
    "name": "Macro Organic Frozen Strawberries",
    "url": "https://www.woolworths.com.au/shop/productdetails/103541",
    "img": "https://cdn0.woolworths.media/content/wowproductimages/medium/103541.jpg",
    "price": 8.8,
    "quantity": 0.45,
    "unitPrice": 19.56
  },
  {
    "name": "Middle Bacon",
    "url": "https://www.coles.com.au/product/thomson's-deli-middle-bacon-250g-1026702",
    "img": "https://productimages.coles.com.au/productimages/1/1026702.jpg",
    "price": 4.9,
    "quantity": 0.25,
    "unitPrice": 19.6
  },
  {
    "name": "Egg White Free Range",
    "url": "https://www.coles.com.au/product/puregg-egg-white-free-range-500g-3923058",
    "img": "https://productimages.coles.com.au/productimages/3/3923058.jpg",
    "price": 9.8,
    "quantity": 0.5,
    "unitPrice": 19.6
  },
  {
    "name": "Middle Bacon",
    "url": "https://www.coles.com.au/product/thomson's-deli-middle-bacon-250g-1026702",
    "img": "https://productimages.coles.com.au/productimages/1/1026702.jpg",
    "price": 4.9,
    "quantity": 0.25,
    "unitPrice": 19.6
  },
  {
    "name": "Crispix Honey Pillows Breakfast Cereal",
    "url": "https://www.coles.com.au/product/kellogg's-crispix-honey-pillows-breakfast-cereal-460g-2011289",
    "img": "https://productimages.coles.com.au/productimages/2/2011289.jpg",
    "price": 9,
    "quantity": 0.46,
    "unitPrice": 19.6
  },
  {
    "name": "Vine Leaves Stuffed With Rice",
    "url": "https://www.coles.com.au/product/palirria-vine-leaves-stuffed-with-rice-280g-3466761",
    "img": "https://productimages.coles.com.au/productimages/3/3466761.jpg",
    "price": 5.5,
    "quantity": 0.28,
    "unitPrice": 19.6
  },
  {
    "name": "Primero Extra Virgin Olive Oil",
    "url": "https://www.coles.com.au/product/moro-primero-extra-virgin-olive-oil-500ml-5118132",
    "img": "https://productimages.coles.com.au/productimages/5/5118132.jpg",
    "price": 9.8,
    "quantity": 0.5,
    "unitPrice": 19.6
  },
  {
    "name": "Delicado Light Taste Olive Oil",
    "url": "https://www.coles.com.au/product/moro-delicado-light-taste-olive-oil-500ml-5118143",
    "img": "https://productimages.coles.com.au/productimages/5/5118143.jpg",
    "price": 9.8,
    "quantity": 0.5,
    "unitPrice": 19.6
  },
  {
    "name": "Tradicional Olive Oil",
    "url": "https://www.coles.com.au/product/moro-tradicional-olive-oil-500ml-5118154",
    "img": "https://productimages.coles.com.au/productimages/5/5118154.jpg",
    "price": 9.8,
    "quantity": 0.5,
    "unitPrice": 19.6
  },
  {
    "name": "Macro Organic Unsalted Butter",
    "url": "https://www.woolworths.com.au/shop/productdetails/862996",
    "img": "https://cdn0.woolworths.media/content/wowproductimages/medium/862996.jpg",
    "price": 4.9,
    "quantity": 0.25,
    "unitPrice": 19.6
  },
  {
    "name": "Moro Extra Virgin Olive Oil",
    "url": "https://www.woolworths.com.au/shop/productdetails/25065",
    "img": "https://cdn0.woolworths.media/content/wowproductimages/medium/025065.jpg",
    "price": 9.8,
    "quantity": 0.5,
    "unitPrice": 19.6
  },
  {
    "name": "Moro Light Taste Olive Oil",
    "url": "https://www.woolworths.com.au/shop/productdetails/49304",
    "img": "https://cdn0.woolworths.media/content/wowproductimages/medium/049304.jpg",
    "price": 9.8,
    "quantity": 0.5,
    "unitPrice": 19.6
  },
  {
    "name": "Moro Mild Taste Oil",
    "url": "https://www.woolworths.com.au/shop/productdetails/49301",
    "img": "https://cdn0.woolworths.media/content/wowproductimages/medium/049301.jpg",
    "price": 9.8,
    "quantity": 0.5,
    "unitPrice": 19.6
  },
  {
    "name": "Toscano Classic Brioche Rolls",
    "url": "https://www.woolworths.com.au/shop/productdetails/708948",
    "img": "https://cdn0.woolworths.media/content/wowproductimages/medium/708948.jpg",
    "price": 5.5,
    "quantity": 0.28,
    "unitPrice": 19.6
  },
  {
    "name": "Gippsland Dairy Cookies & Cream Yoghurt",
    "url": "https://www.woolworths.com.au/shop/productdetails/124477",
    "img": "https://cdn0.woolworths.media/content/wowproductimages/medium/124477.jpg",
    "price": 2.75,
    "quantity": 0.14,
    "unitPrice": 19.6
  },
  {
    "name": "Gippsland Dairy Choc Fudge Honeycomb Yoghurt",
    "url": "https://www.woolworths.com.au/shop/productdetails/123959",
    "img": "https://cdn0.woolworths.media/content/wowproductimages/medium/123959.jpg",
    "price": 2.75,
    "quantity": 0.14,
    "unitPrice": 19.6
  },
  {
    "name": "Gippsland Dairy Strawberry Waffle Yoghurt",
    "url": "https://www.woolworths.com.au/shop/productdetails/124190",
    "img": "https://cdn0.woolworths.media/content/wowproductimages/medium/124190.jpg",
    "price": 2.75,
    "quantity": 0.14,
    "unitPrice": 19.6
  },
  {
    "name": "Gippsland Dairy Passionfruit Pavlova Yoghurt",
    "url": "https://www.woolworths.com.au/shop/productdetails/124189",
    "img": "https://cdn0.woolworths.media/content/wowproductimages/medium/124189.jpg",
    "price": 2.75,
    "quantity": 0.14,
    "unitPrice": 19.6
  },
  {
    "name": "Gippsland Dairy Apple Pie Yoghurt",
    "url": "https://www.woolworths.com.au/shop/productdetails/123958",
    "img": "https://cdn0.woolworths.media/content/wowproductimages/medium/123958.jpg",
    "price": 2.75,
    "quantity": 0.14,
    "unitPrice": 19.6
  },
  {
    "name": "Gippsland Dairy Caramel Craving Yoghurt With Darrell Lea Chocolate & Fudge",
    "url": "https://www.woolworths.com.au/shop/productdetails/230440",
    "img": "https://cdn0.woolworths.media/content/wowproductimages/medium/230440.jpg",
    "price": 2.75,
    "quantity": 0.14,
    "unitPrice": 19.6
  },
  {
    "name": "Gippsland Dairy With Darrell Lea White Choc Raspberry Yoghurt Mix Ins",
    "url": "https://www.woolworths.com.au/shop/productdetails/230813",
    "img": "https://cdn0.woolworths.media/content/wowproductimages/medium/230813.jpg",
    "price": 2.75,
    "quantity": 0.14,
    "unitPrice": 19.6
  },
  {
    "name": "Gippsland Dairy Blueberry Crumble Yogurt",
    "url": "https://www.woolworths.com.au/shop/productdetails/243746",
    "img": "https://cdn0.woolworths.media/content/wowproductimages/medium/243746.jpg",
    "price": 2.75,
    "quantity": 0.14,
    "unitPrice": 19.6
  },
  {
    "name": "Woolworths Middle Bacon Middle Cut Rashers",
    "url": "https://www.woolworths.com.au/shop/productdetails/266794",
    "img": "https://cdn0.woolworths.media/content/wowproductimages/medium/266794.jpg",
    "price": 4.9,
    "quantity": 0.25,
    "unitPrice": 19.6
  },
  {
    "name": "Deli Strasburg",
    "url": "https://www.coles.com.au/product/don-deli-strasburg-approx.-100g-248797",
    "img": "https://productimages.coles.com.au/productimages/2/248797.jpg",
    "price": 1.97,
    "quantity": 0.1,
    "unitPrice": 19.7
  },
  {
    "name": "Stevia Sugar Replacement Super Valuepack",
    "url": "https://www.coles.com.au/product/whole-earth-stevia-sugar-replacement-super-valuepack-350g-4827606",
    "img": "https://productimages.coles.com.au/productimages/4/4827606.jpg",
    "price": 6.9,
    "quantity": 0.35,
    "unitPrice": 19.7
  },
  {
    "name": "Oats Quick Sachets Breakfast Cereal Hi Fibre",
    "url": "https://www.coles.com.au/product/uncle-tobys-oats-quick-sachets-breakfast-cereal-hi-fibre-320g-3994908",
    "img": "https://productimages.coles.com.au/productimages/3/3994908.jpg",
    "price": 6.3,
    "quantity": 0.32,
    "unitPrice": 19.7
  },
  {
    "name": "Really Good Crunchy Peanut Butter",
    "url": "https://www.coles.com.au/product/pic's-really-good-crunchy-peanut-butter-380g-2120207",
    "img": "https://productimages.coles.com.au/productimages/2/2120207.jpg",
    "price": 7.5,
    "quantity": 0.38,
    "unitPrice": 19.7
  },
  {
    "name": "Really Good Smooth Peanut Butter",
    "url": "https://www.coles.com.au/product/pic's-really-good-smooth-peanut-butter-380g-2120218",
    "img": "https://productimages.coles.com.au/productimages/2/2120218.jpg",
    "price": 7.5,
    "quantity": 0.38,
    "unitPrice": 19.7
  },
  {
    "name": "Crunchy Spread",
    "url": "https://www.coles.com.au/product/lotus-biscoff-crunchy-spread-380g-3577220",
    "img": "https://productimages.coles.com.au/productimages/3/3577220.jpg",
    "price": 7.5,
    "quantity": 0.38,
    "unitPrice": 19.7
  },
  {
    "name": "Uncle Tobys Oats Quick Sachets Hi-fibre Porridge",
    "url": "https://www.woolworths.com.au/shop/productdetails/148396",
    "img": "https://cdn0.woolworths.media/content/wowproductimages/medium/148396.jpg",
    "price": 6.3,
    "quantity": 0.32,
    "unitPrice": 19.7
  },
  {
    "name": "Lotus Biscoff Spread Crunchy",
    "url": "https://www.woolworths.com.au/shop/productdetails/58497",
    "img": "https://cdn0.woolworths.media/content/wowproductimages/medium/058497.jpg",
    "price": 7.5,
    "quantity": 0.38,
    "unitPrice": 19.7
  },
  {
    "name": "Pic's Peanut Butter Smooth",
    "url": "https://www.woolworths.com.au/shop/productdetails/754776",
    "img": "https://cdn0.woolworths.media/content/wowproductimages/medium/754776.jpg",
    "price": 7.5,
    "quantity": 0.38,
    "unitPrice": 19.7
  },
  {
    "name": "Pic's Peanut Butter Crunchy",
    "url": "https://www.woolworths.com.au/shop/productdetails/360257",
    "img": "https://cdn0.woolworths.media/content/wowproductimages/medium/360257.jpg",
    "price": 7.5,
    "quantity": 0.38,
    "unitPrice": 19.7
  },
  {
    "name": "Pic's Peanut Butter Smoochy",
    "url": "https://www.woolworths.com.au/shop/productdetails/320711",
    "img": "https://cdn0.woolworths.media/content/wowproductimages/medium/320711.jpg",
    "price": 7.5,
    "quantity": 0.38,
    "unitPrice": 19.7
  },
  {
    "name": "Paramount Salmon Pink",
    "url": "https://www.woolworths.com.au/shop/productdetails/1469",
    "img": "https://cdn0.woolworths.media/content/wowproductimages/medium/001469.jpg",
    "price": 8.2,
    "quantity": 0.415,
    "unitPrice": 19.76
  },
  {
    "name": "Plant Based Vegie Roast",
    "url": "https://www.coles.com.au/product/vegie-delights-plant-based-vegie-roast-480g-5903696",
    "img": "https://productimages.coles.com.au/productimages/5/5903696.jpg",
    "price": 9.5,
    "quantity": 0.48,
    "unitPrice": 19.8
  },
  {
    "name": "Pace Farm 6 Large Organic Free Range Eggs",
    "url": "https://www.woolworths.com.au/shop/productdetails/212721",
    "img": "https://cdn0.woolworths.media/content/wowproductimages/medium/212721.jpg",
    "price": 5.95,
    "quantity": 0.3,
    "unitPrice": 19.8
  },
  {
    "name": "Sweet Vine Apricot Delights",
    "url": "https://www.aldi.com.au/en/groceries/limited-time-only/limited-time-only-detail/ps/p/sweet-vine-apricot-delights-150g/",
    "img": "https://www.aldi.com.au/fileadmin/_processed_/d/2/csm_1001961-2_SEASONAL_1x1_228x128_B4_10_RET_fb48dc4594.png",
    "price": 2.99,
    "quantity": 0.15,
    "unitPrice": 19.9
  },
  {
    "name": "Sweet Vine Apricot Delights",
    "url": "https://www.aldi.com.au/en/groceries/limited-time-only/limited-time-only-detail/ps/p/sweet-vine-apricot-delights-150g/",
    "img": "https://www.aldi.com.au/fileadmin/_processed_/d/2/csm_1001961-2_SEASONAL_1x1_228x128_B4_10_RET_fb48dc4594.png",
    "price": 2.99,
    "quantity": 0.15,
    "unitPrice": 19.9
  },
  {
    "name": "Collagen Almond Berry Granola",
    "url": "https://www.coles.com.au/product/red-tractor-collagen-almond-berry-granola-450g-4312898",
    "img": "https://productimages.coles.com.au/productimages/4/4312898.jpg",
    "price": 8.95,
    "quantity": 0.45,
    "unitPrice": 19.9
  },
  {
    "name": "Collagen Granola Honey Cashew",
    "url": "https://www.coles.com.au/product/red-tractor-collagen-granola-honey-cashew-450g-5288493",
    "img": "https://productimages.coles.com.au/productimages/5/5288493.jpg",
    "price": 8.95,
    "quantity": 0.45,
    "unitPrice": 19.9
  },
  {
    "name": "Burger Plant Based 4 Pack",
    "url": "https://www.coles.com.au/product/v2-burger-plant-based-4-pack-452g-3912335",
    "img": "https://productimages.coles.com.au/productimages/3/3912335.jpg",
    "price": 9,
    "quantity": 0.452,
    "unitPrice": 19.91
  },
  {
    "name": "Australian Fetta Reduced Fat Cheese",
    "url": "https://www.coles.com.au/product/coles-deli-australian-fetta-reduced-fat-cheese-approx.-100g-3218941",
    "img": "https://productimages.coles.com.au/productimages/3/3218941.jpg",
    "price": 2,
    "quantity": 0.1,
    "unitPrice": 19.95
  },
  {
    "name": "Westacre Dairy Shredded Tasty Cheese",
    "url": "https://www.aldi.com.au/en/groceries/fresh-produce/dairy-eggs/dairy-eggs-detail/ps/p/westacre-dairy-shredded-tasty-cheese-250g/",
    "img": "https://www.aldi.com.au/fileadmin/_processed_/5/a/csm_1001605-3_1x1_Q4_WEB-AUDIT_DAIRY_228x128_8_e8b92300cc.jpg",
    "price": 4.99,
    "quantity": 0.25,
    "unitPrice": 19.96
  },
  {
    "name": "Sprouts Prepacked",
    "url": "https://www.coles.com.au/product/alfalfa-sprouts-prepacked-125g-4544805",
    "img": "https://productimages.coles.com.au/productimages/4/4544805.jpg",
    "price": 2.5,
    "quantity": 0.125,
    "unitPrice": 20
  },
  {
    "name": "Baby Leaf Salad & Beetroot",
    "url": "https://www.coles.com.au/product/coles-baby-leaf-salad-&-beetroot-150g-5040192",
    "img": "https://productimages.coles.com.au/productimages/5/5040192.jpg",
    "price": 3,
    "quantity": 0.15,
    "unitPrice": 20
  },
  {
    "name": "Button Mushrooms",
    "url": "https://www.coles.com.au/product/coles-button-mushrooms-200g-4829420",
    "img": "https://productimages.coles.com.au/productimages/4/4829420.jpg",
    "price": 4,
    "quantity": 0.2,
    "unitPrice": 20
  },
  {
    "name": "Organic Baby Beetroot",
    "url": "https://www.coles.com.au/product/coles-organic-baby-beetroot-250g-3578845",
    "img": "https://productimages.coles.com.au/productimages/3/3578845.jpg",
    "price": 5,
    "quantity": 0.25,
    "unitPrice": 20
  },
  {
    "name": "Kitchen Caesar Dressing",
    "url": "https://www.coles.com.au/product/coles-kitchen-caesar-dressing-250ml-3856530",
    "img": "https://productimages.coles.com.au/productimages/3/3856530.jpg",
    "price": 5,
    "quantity": 0.25,
    "unitPrice": 20
  },
  {
    "name": "Kitchen Green Goddess Dressing",
    "url": "https://www.coles.com.au/product/coles-kitchen-green-goddess-dressing-250ml-3856733",
    "img": "https://productimages.coles.com.au/productimages/3/3856733.jpg",
    "price": 5,
    "quantity": 0.25,
    "unitPrice": 20
  },
  {
    "name": "Organic Stir Fry",
    "url": "https://www.coles.com.au/product/coles-organic-stir-fry-300g-9573356",
    "img": "https://productimages.coles.com.au/productimages/9/9573356.jpg",
    "price": 6,
    "quantity": 0.3,
    "unitPrice": 20
  },
  {
    "name": "Parsnips Prepacked",
    "url": "https://www.coles.com.au/product/coles-parsnips-prepacked-350g-5108183",
    "img": "https://productimages.coles.com.au/productimages/5/5108183.jpg",
    "price": 7,
    "quantity": 0.35,
    "unitPrice": 20
  },
  {
    "name": "White Flat Mushrooms",
    "url": "https://www.coles.com.au/product/coles-white-flat-mushrooms-375g-4835466",
    "img": "https://productimages.coles.com.au/productimages/4/4835466.jpg",
    "price": 7.5,
    "quantity": 0.375,
    "unitPrice": 20
  },
  {
    "name": "Cashew Mac Peanut Mix Rosted & Salted",
    "url": "https://www.coles.com.au/product/coles-cashew-mac-peanut-mix-rosted-&-salted-400g-2603095",
    "img": "https://productimages.coles.com.au/productimages/2/2603095.jpg",
    "price": 8,
    "quantity": 0.4,
    "unitPrice": 20
  },
  {
    "name": "Superfood Mix",
    "url": "https://www.coles.com.au/product/coles-superfood-mix-400g-3137293",
    "img": "https://productimages.coles.com.au/productimages/3/3137293.jpg",
    "price": 8,
    "quantity": 0.4,
    "unitPrice": 20
  },
  {
    "name": "BBQ Crunch",
    "url": "https://www.coles.com.au/product/coles-bbq-crunch-approx.-100g-1960701",
    "img": "https://productimages.coles.com.au/productimages/1/1960701.jpg",
    "price": 2,
    "quantity": 0.1,
    "unitPrice": 20
  },
  {
    "name": "Coconut Chunks",
    "url": "https://www.coles.com.au/product/coles-coconut-chunks-approx.-100g-3324803",
    "img": "https://productimages.coles.com.au/productimages/3/3324803.jpg",
    "price": 2,
    "quantity": 0.1,
    "unitPrice": 20
  },
  {
    "name": "BBQ Kri Kri Peanut",
    "url": "https://www.coles.com.au/product/coles-bbq-kri-kri-peanut-approx.-100g-3768647",
    "img": "https://productimages.coles.com.au/productimages/3/3768647.jpg",
    "price": 2,
    "quantity": 0.1,
    "unitPrice": 20
  },
  {
    "name": "Trail Mix",
    "url": "https://www.coles.com.au/product/coles-trail-mix-approx.-100g-8411097",
    "img": "https://productimages.coles.com.au/productimages/8/8411097.jpg",
    "price": 2,
    "quantity": 0.1,
    "unitPrice": 20
  },
  {
    "name": "Dried Figs",
    "url": "https://www.coles.com.au/product/coles-dried-figs-approx.-100g-8412566",
    "img": "https://productimages.coles.com.au/productimages/8/8412566.jpg",
    "price": 2,
    "quantity": 0.1,
    "unitPrice": 20
  },
  {
    "name": "Pumpkin Seeds",
    "url": "https://www.coles.com.au/product/coles-pumpkin-seeds-approx.-100g-8412599",
    "img": "https://productimages.coles.com.au/productimages/8/8412599.jpg",
    "price": 2,
    "quantity": 0.1,
    "unitPrice": 20
  },
  {
    "name": "Crystalised Ginger",
    "url": "https://www.coles.com.au/product/coles-crystalised-ginger-approx.-100g-8412635",
    "img": "https://productimages.coles.com.au/productimages/8/8412635.jpg",
    "price": 2,
    "quantity": 0.1,
    "unitPrice": 20
  },
  {
    "name": "Grated Parmesan Cheese",
    "url": "https://www.coles.com.au/product/coles-grated-parmesan-cheese-100g-5235453",
    "img": "https://productimages.coles.com.au/productimages/5/5235453.jpg",
    "price": 2,
    "quantity": 0.1,
    "unitPrice": 20
  },
  {
    "name": "Chocolate Chia Pod",
    "url": "https://www.coles.com.au/product/fancy-plants-chocolate-chia-pod-150g-3897956",
    "img": "https://productimages.coles.com.au/productimages/3/3897956.jpg",
    "price": 3,
    "quantity": 0.15,
    "unitPrice": 20
  },
  {
    "name": "Vanilla Chia Pod",
    "url": "https://www.coles.com.au/product/fancy-plants-vanilla-chia-pod-150g-3897967",
    "img": "https://productimages.coles.com.au/productimages/3/3897967.jpg",
    "price": 3,
    "quantity": 0.15,
    "unitPrice": 20
  },
  {
    "name": "Yoghurt Pouch Vanilla",
    "url": "https://www.coles.com.au/product/yopro-yoghurt-pouch-vanilla-150g-4346222",
    "img": "https://productimages.coles.com.au/productimages/4/4346222.jpg",
    "price": 3,
    "quantity": 0.15,
    "unitPrice": 20
  },
  {
    "name": "Yoghurt Pouch Strawberry",
    "url": "https://www.coles.com.au/product/yopro-yoghurt-pouch-strawberry-150g-4346244",
    "img": "https://productimages.coles.com.au/productimages/4/4346244.jpg",
    "price": 3,
    "quantity": 0.15,
    "unitPrice": 20
  },
  {
    "name": "Yoghurt Pouch Banana",
    "url": "https://www.coles.com.au/product/yopro-yoghurt-pouch-banana-150g-4346255",
    "img": "https://productimages.coles.com.au/productimages/4/4346255.jpg",
    "price": 3,
    "quantity": 0.15,
    "unitPrice": 20
  },
  {
    "name": "YoPro Pouch Mango",
    "url": "https://www.coles.com.au/product/danone-yopro-pouch-mango-150g-5312306",
    "img": "https://productimages.coles.com.au/productimages/5/5312306.jpg",
    "price": 3,
    "quantity": 0.15,
    "unitPrice": 20
  },
  {
    "name": "YoPro Pouch Mixed Berries",
    "url": "https://www.coles.com.au/product/danone-yopro-pouch-mixed-berries-150g-5312328",
    "img": "https://productimages.coles.com.au/productimages/5/5312328.jpg",
    "price": 3,
    "quantity": 0.15,
    "unitPrice": 20
  },
  {
    "name": "YoPro Pouch Passionfruit",
    "url": "https://www.coles.com.au/product/danone-yopro-pouch-passionfruit-150g-5312339",
    "img": "https://productimages.coles.com.au/productimages/5/5312339.jpg",
    "price": 3,
    "quantity": 0.15,
    "unitPrice": 20
  },
  {
    "name": "Cheese Apricot & Almond",
    "url": "https://www.coles.com.au/product/coles-cheese-apricot-&-almond-190g-7781240",
    "img": "https://productimages.coles.com.au/productimages/7/7781240.jpg",
    "price": 3.8,
    "quantity": 0.19,
    "unitPrice": 20
  },
  {
    "name": "Cheese Spring Onion & Chive",
    "url": "https://www.coles.com.au/product/coles-cheese-spring-onion-&-chive-190g-7781283",
    "img": "https://productimages.coles.com.au/productimages/7/7781283.jpg",
    "price": 3.8,
    "quantity": 0.19,
    "unitPrice": 20
  },
  {
    "name": "Sweet Chilli Cheese",
    "url": "https://www.coles.com.au/product/coles-sweet-chilli-cheese-190g-7781320",
    "img": "https://productimages.coles.com.au/productimages/7/7781320.jpg",
    "price": 3.8,
    "quantity": 0.19,
    "unitPrice": 20
  },
  {
    "name": "Extra Thick Double Cream",
    "url": "https://www.coles.com.au/product/bulla-extra-thick-double-cream-200ml-3228468",
    "img": "https://productimages.coles.com.au/productimages/3/3228468.jpg",
    "price": 4,
    "quantity": 0.2,
    "unitPrice": 20
  },
  {
    "name": "Vanilla Rice Pud 2x110g",
    "url": "https://www.coles.com.au/product/fancy-plants-vanilla-rice-pud-2x110g-220g-3857703",
    "img": "https://productimages.coles.com.au/productimages/3/3857703.jpg",
    "price": 4.4,
    "quantity": 0.22,
    "unitPrice": 20
  },
  {
    "name": "Original Ricotta Soft Cheese Tub",
    "url": "https://www.coles.com.au/product/perfect-italiano-original-ricotta-soft-cheese-tub-250g-181594",
    "img": "https://productimages.coles.com.au/productimages/1/181594.jpg",
    "price": 5,
    "quantity": 0.25,
    "unitPrice": 20
  },
  {
    "name": "Salted Butter",
    "url": "https://www.coles.com.au/product/the-organic-milk-company-salted-butter-250g-3780675",
    "img": "https://productimages.coles.com.au/productimages/3/3780675.jpg",
    "price": 5,
    "quantity": 0.25,
    "unitPrice": 20
  },
  {
    "name": "Natures Kitchen Smokey Potato Sausages",
    "url": "https://www.coles.com.au/product/coles-natures-kitchen-smokey-potato-sausages-250g-4475350",
    "img": "https://productimages.coles.com.au/productimages/4/4475350.jpg",
    "price": 5,
    "quantity": 0.25,
    "unitPrice": 20
  },
  {
    "name": "Nature's Kitchen Curried Veggie Lentil Sausages",
    "url": "https://www.coles.com.au/product/coles-nature's-kitchen-curried-veggie-lentil-sausages-250g-4475429",
    "img": "https://productimages.coles.com.au/productimages/4/4475429.jpg",
    "price": 5,
    "quantity": 0.25,
    "unitPrice": 20
  },
  {
    "name": "Slightly Salted Butter",
    "url": "https://www.coles.com.au/product/lurpak-slightly-salted-butter-250g-5394129",
    "img": "https://productimages.coles.com.au/productimages/5/5394129.jpg",
    "price": 5,
    "quantity": 0.25,
    "unitPrice": 20
  },
  {
    "name": "Unsalted Butter",
    "url": "https://www.coles.com.au/product/lurpak-unsalted-butter-250g-7174906",
    "img": "https://productimages.coles.com.au/productimages/7/7174906.jpg",
    "price": 5,
    "quantity": 0.25,
    "unitPrice": 20
  },
  {
    "name": "Bacon Style Pieces Twin Pack",
    "url": "https://www.coles.com.au/product/primo-bacon-style-pieces-twin-pack-300g-5946032",
    "img": "https://productimages.coles.com.au/productimages/5/5946032.jpg",
    "price": 6,
    "quantity": 0.3,
    "unitPrice": 20
  },
  {
    "name": "Original Cream Cheese Spread",
    "url": "https://www.coles.com.au/product/philadelphia-original-cream-cheese-spread-350g-6131555",
    "img": "https://productimages.coles.com.au/productimages/6/6131555.jpg",
    "price": 7,
    "quantity": 0.35,
    "unitPrice": 20
  },
  {
    "name": "Parsley Sage & Rosemary Sausages 6 Pack",
    "url": "https://www.coles.com.au/product/bean-supreme-parsley-sage-&-rosemary-sausages-6-pack-375g-3516407",
    "img": "https://productimages.coles.com.au/productimages/3/3516407.jpg",
    "price": 7.5,
    "quantity": 0.375,
    "unitPrice": 20
  },
  {
    "name": "Unsalted Butter",
    "url": "https://www.coles.com.au/product/lurpak-unsalted-butter-400g-6892100",
    "img": "https://productimages.coles.com.au/productimages/6/6892100.jpg",
    "price": 8,
    "quantity": 0.4,
    "unitPrice": 20
  },
  {
    "name": "Slightly Salted Butter Pat",
    "url": "https://www.coles.com.au/product/lurpak-slightly-salted-butter-pat-400g-6892143",
    "img": "https://productimages.coles.com.au/productimages/6/6892143.jpg",
    "price": 8,
    "quantity": 0.4,
    "unitPrice": 20
  },
  {
    "name": "Extra Tasty Cheddar Cheese Block",
    "url": "https://www.coles.com.au/product/mainland-extra-tasty-cheddar-cheese-block-500g-3308421",
    "img": "https://productimages.coles.com.au/productimages/3/3308421.jpg",
    "price": 10,
    "quantity": 0.5,
    "unitPrice": 20
  },
  {
    "name": "Tasty Cheese Block",
    "url": "https://www.coles.com.au/product/mainland-tasty-cheese-block-500g-472994",
    "img": "https://productimages.coles.com.au/productimages/4/472994.jpg",
    "price": 10,
    "quantity": 0.5,
    "unitPrice": 20
  },
  {
    "name": "Dairy Cream Cheese Original Block 2 Pack",
    "url": "https://www.coles.com.au/product/philadelphia-dairy-cream-cheese-original-block-2-pack-500g-5081291",
    "img": "https://productimages.coles.com.au/productimages/5/5081291.jpg",
    "price": 10,
    "quantity": 0.5,
    "unitPrice": 20
  },
  {
    "name": "ProActiv Margarine Spread Buttery",
    "url": "https://www.coles.com.au/product/flora-proactiv-margarine-spread-buttery-500g-8085029",
    "img": "https://productimages.coles.com.au/productimages/8/8085029.jpg",
    "price": 10,
    "quantity": 0.5,
    "unitPrice": 20
  },
  {
    "name": "Pro Activ Margarine Spread Original",
    "url": "https://www.coles.com.au/product/flora-pro-activ-margarine-spread-original-500g-8840843",
    "img": "https://productimages.coles.com.au/productimages/8/8840843.jpg",
    "price": 10,
    "quantity": 0.5,
    "unitPrice": 20
  },
  {
    "name": "ProActiv Margarine Spread Light",
    "url": "https://www.coles.com.au/product/flora-proactiv-margarine-spread-light-500g-9410760",
    "img": "https://productimages.coles.com.au/productimages/9/9410760.jpg",
    "price": 10,
    "quantity": 0.5,
    "unitPrice": 20
  },
  {
    "name": "Organic Free Range Eggs 12 Pack",
    "url": "https://www.coles.com.au/product/yallamundi-farm-organic-free-range-eggs-12-pack-600g-5352209",
    "img": "https://productimages.coles.com.au/productimages/5/5352209.jpg",
    "price": 12,
    "quantity": 0.6,
    "unitPrice": 20
  },
  {
    "name": "Pitted Kalamata Olives With Balsamic Vinegar",
    "url": "https://www.coles.com.au/product/coles-pitted-kalamata-olives-with-balsamic-vinegar-approx.-100g-6358663",
    "img": "https://productimages.coles.com.au/productimages/6/6358663.jpg",
    "price": 2,
    "quantity": 0.1,
    "unitPrice": 20
  },
  {
    "name": "Original Posh Dogs 4 Pack",
    "url": "https://www.coles.com.au/product/coles-original-posh-dogs-4-pack-300g-3270012",
    "img": "https://productimages.coles.com.au/productimages/3/3270012.jpg",
    "price": 6,
    "quantity": 0.3,
    "unitPrice": 20
  },
  {
    "name": "Bacon Style Pieces Twin Pack",
    "url": "https://www.coles.com.au/product/primo-bacon-style-pieces-twin-pack-300g-5946032",
    "img": "https://productimages.coles.com.au/productimages/5/5946032.jpg",
    "price": 6,
    "quantity": 0.3,
    "unitPrice": 20
  },
  {
    "name": "Thawed Cooked Vannamei Prawns",
    "url": "https://www.coles.com.au/product/coles-deli-thawed-cooked-vannamei-prawns-approx.-250g-4273050",
    "img": "https://productimages.coles.com.au/productimages/4/4273050.jpg",
    "price": 5,
    "quantity": 0.25,
    "unitPrice": 20
  },
  {
    "name": "Pitted Green Olives With Thyme Garlic Red Wine",
    "url": "https://www.coles.com.au/product/coles-pitted-green-olives-with-thyme-garlic-red-wine-approx.-100g-6359495",
    "img": "https://productimages.coles.com.au/productimages/6/6359495.jpg",
    "price": 2,
    "quantity": 0.1,
    "unitPrice": 20
  },
  {
    "name": "Rainbow Mallows",
    "url": "https://www.coles.com.au/product/coles-rainbow-mallows-100g-2441641",
    "img": "https://productimages.coles.com.au/productimages/2/2441641.jpg",
    "price": 2,
    "quantity": 0.1,
    "unitPrice": 20
  },
  {
    "name": "Pink & White Mallows",
    "url": "https://www.coles.com.au/product/coles-pink-&-white-mallows-100g-2441652",
    "img": "https://productimages.coles.com.au/productimages/2/2441652.jpg",
    "price": 2,
    "quantity": 0.1,
    "unitPrice": 20
  },
  {
    "name": "Sprinkles 5 In 1 Pack",
    "url": "https://www.coles.com.au/product/dollar-sweets-sprinkles-5-in-1-pack-125g-120352",
    "img": "https://productimages.coles.com.au/productimages/1/120352.jpg",
    "price": 2.5,
    "quantity": 0.125,
    "unitPrice": 20
  },
  {
    "name": "Reduced Sugar Craisins",
    "url": "https://www.coles.com.au/product/ocean-spray-reduced-sugar-craisins-150g-1872105",
    "img": "https://productimages.coles.com.au/productimages/1/1872105.jpg",
    "price": 3,
    "quantity": 0.15,
    "unitPrice": 20
  },
  {
    "name": "Premium White Sugar Sticks",
    "url": "https://www.coles.com.au/product/csr-premium-white-sugar-sticks-150g-4694230",
    "img": "https://productimages.coles.com.au/productimages/4/4694230.jpg",
    "price": 3,
    "quantity": 0.15,
    "unitPrice": 20
  },
  {
    "name": "Apricots",
    "url": "https://www.coles.com.au/product/coles-apricots-200g-3571700",
    "img": "https://productimages.coles.com.au/productimages/3/3571700.jpg",
    "price": 4,
    "quantity": 0.2,
    "unitPrice": 20
  },
  {
    "name": "Delightfuls Apricot Indugence Fruit Snack",
    "url": "https://www.coles.com.au/product/robern-delightfuls-apricot-indugence-fruit-snack-200g-9602953",
    "img": "https://productimages.coles.com.au/productimages/9/9602953.jpg",
    "price": 4,
    "quantity": 0.2,
    "unitPrice": 20
  },
  {
    "name": "Park Figs Soft & Juicy",
    "url": "https://www.coles.com.au/product/angas-park-figs-soft-&-juicy-250g-5295444",
    "img": "https://productimages.coles.com.au/productimages/5/5295444.jpg",
    "price": 5,
    "quantity": 0.25,
    "unitPrice": 20
  },
  {
    "name": "Premium Tropical Fruit Mix",
    "url": "https://www.coles.com.au/product/coles-premium-tropical-fruit-mix-300g-4448776",
    "img": "https://productimages.coles.com.au/productimages/4/4448776.jpg",
    "price": 6,
    "quantity": 0.3,
    "unitPrice": 20
  },
  {
    "name": "Premium Orchard Fruit Mix",
    "url": "https://www.coles.com.au/product/coles-premium-orchard-fruit-mix-300g-4448801",
    "img": "https://productimages.coles.com.au/productimages/4/4448801.jpg",
    "price": 6,
    "quantity": 0.3,
    "unitPrice": 20
  },
  {
    "name": "Californian Walnuts",
    "url": "https://www.coles.com.au/product/coles-californian-walnuts-350g-3559283",
    "img": "https://productimages.coles.com.au/productimages/3/3559283.jpg",
    "price": 7,
    "quantity": 0.35,
    "unitPrice": 20
  },
  {
    "name": "Deluxe Gluten Free Almond & Maple Muesli",
    "url": "https://www.coles.com.au/product/carman's-deluxe-gluten-free-almond-&-maple-muesli-400g-2877217",
    "img": "https://productimages.coles.com.au/productimages/2/2877217.jpg",
    "price": 8,
    "quantity": 0.4,
    "unitPrice": 20
  },
  {
    "name": "Deluxe Gluten Free Fruit & Nut Muesli",
    "url": "https://www.coles.com.au/product/carman's-deluxe-gluten-free-fruit-&-nut-muesli-400g-6022924",
    "img": "https://productimages.coles.com.au/productimages/6/6022924.jpg",
    "price": 8,
    "quantity": 0.4,
    "unitPrice": 20
  },
  {
    "name": "Nutri Grain Vanilla Malt 25% Less Sugar 450g",
    "url": "https://www.coles.com.au/product/kellogg's-nutri-grain-vanilla-malt-25%-less-sugar-450g-450g-6733693",
    "img": "https://productimages.coles.com.au/productimages/6/6733693.jpg",
    "price": 9,
    "quantity": 0.45,
    "unitPrice": 20
  },
  {
    "name": "Be Mighty Granola Coconut Rough",
    "url": "https://www.coles.com.au/product/hubbards-be-mighty-granola-coconut-rough-450g-6943357",
    "img": "https://productimages.coles.com.au/productimages/6/6943357.jpg",
    "price": 9,
    "quantity": 0.45,
    "unitPrice": 20
  },
  {
    "name": "Be Mighty Granola Nutty",
    "url": "https://www.coles.com.au/product/hubbards-be-mighty-granola-nutty-450g-6943379",
    "img": "https://productimages.coles.com.au/productimages/6/6943379.jpg",
    "price": 9,
    "quantity": 0.45,
    "unitPrice": 20
  },
  {
    "name": "Be Mighty Granola Vanilla Crumble",
    "url": "https://www.coles.com.au/product/hubbards-be-mighty-granola-vanilla-crumble-450g-6943380",
    "img": "https://productimages.coles.com.au/productimages/6/6943380.jpg",
    "price": 9,
    "quantity": 0.45,
    "unitPrice": 20
  },
  {
    "name": "Be Mighty Granola Wild Berry",
    "url": "https://www.coles.com.au/product/hubbards-be-mighty-granola-wild-berry-450g-6943404",
    "img": "https://productimages.coles.com.au/productimages/6/6943404.jpg",
    "price": 9,
    "quantity": 0.45,
    "unitPrice": 20
  },
  {
    "name": "Premium Blend Delta Ground Coffee",
    "url": "https://www.coles.com.au/product/chicco-d'oro-premium-blend-delta-ground-coffee-200g-7397638",
    "img": "https://productimages.coles.com.au/productimages/7/7397638.jpg",
    "price": 4,
    "quantity": 0.2,
    "unitPrice": 20
  },
  {
    "name": "Special Italian Blend Coffee Beans ",
    "url": "https://www.coles.com.au/product/vittoria-special-italian-blend-coffee-beans--1kg-443770",
    "img": "https://productimages.coles.com.au/productimages/4/443770.jpg",
    "price": 20,
    "quantity": 1,
    "unitPrice": 20
  },
  {
    "name": "Premium Blend Delta Ground Coffee",
    "url": "https://www.coles.com.au/product/chicco-d'oro-premium-blend-delta-ground-coffee-200g-7397638",
    "img": "https://productimages.coles.com.au/productimages/7/7397638.jpg",
    "price": 4,
    "quantity": 0.2,
    "unitPrice": 20
  },
  {
    "name": "Iodised Table Salt Shaker",
    "url": "https://www.coles.com.au/product/saxa-iodised-table-salt-shaker-125g-6542822",
    "img": "https://productimages.coles.com.au/productimages/6/6542822.jpg",
    "price": 2.5,
    "quantity": 0.125,
    "unitPrice": 20
  },
  {
    "name": "Organic Ginger",
    "url": "https://www.coles.com.au/product/jensens-organic-ginger-210g-5111982",
    "img": "https://productimages.coles.com.au/productimages/5/5111982.jpg",
    "price": 4.3,
    "quantity": 0.21,
    "unitPrice": 20
  },
  {
    "name": "Sambal Oelek",
    "url": "https://www.coles.com.au/product/conimex-sambal-oelek-190g-344859",
    "img": "https://productimages.coles.com.au/productimages/3/344859.jpg",
    "price": 3.75,
    "quantity": 0.19,
    "unitPrice": 20
  },
  {
    "name": "Small Chunk Pickle",
    "url": "https://www.coles.com.au/product/branston-small-chunk-pickle-360g-3260686",
    "img": "https://productimages.coles.com.au/productimages/3/3260686.jpg",
    "price": 7.2,
    "quantity": 0.36,
    "unitPrice": 20
  },
  {
    "name": "Garlic Pappadams",
    "url": "https://www.coles.com.au/product/maharajah's-choice-garlic-pappadams-100g-293340",
    "img": "https://productimages.coles.com.au/productimages/2/293340.jpg",
    "price": 2,
    "quantity": 0.1,
    "unitPrice": 20
  },
  {
    "name": "Plain Pappadams",
    "url": "https://www.coles.com.au/product/maharajah's-choice-plain-pappadams-100g-419448",
    "img": "https://productimages.coles.com.au/productimages/4/419448.jpg",
    "price": 2,
    "quantity": 0.1,
    "unitPrice": 20
  },
  {
    "name": "Wasabi Flavoured Peas",
    "url": "https://www.coles.com.au/product/savour-wasabi-flavoured-peas-100g-6070701",
    "img": "https://productimages.coles.com.au/productimages/6/6070701.jpg",
    "price": 2,
    "quantity": 0.1,
    "unitPrice": 20
  },
  {
    "name": "Spicy Broad Beans",
    "url": "https://www.coles.com.au/product/savour-spicy-broad-beans-100g-6070712",
    "img": "https://productimages.coles.com.au/productimages/6/6070712.jpg",
    "price": 2,
    "quantity": 0.1,
    "unitPrice": 20
  },
  {
    "name": "Soy Sauce",
    "url": "https://www.coles.com.au/product/lee-kum-kee-soy-sauce-150ml-9434688",
    "img": "https://productimages.coles.com.au/productimages/9/9434688.jpg",
    "price": 3,
    "quantity": 0.15,
    "unitPrice": 20
  },
  {
    "name": "Chicken & Cashew Nut Stir Fry Meal Base Pouch",
    "url": "https://www.coles.com.au/product/kan-tong-chicken-&-cashew-nut-stir-fry-meal-base-pouch-175g-3189537",
    "img": "https://productimages.coles.com.au/productimages/3/3189537.jpg",
    "price": 3.5,
    "quantity": 0.175,
    "unitPrice": 20
  },
  {
    "name": "Teriyaki Chicken Stir Fry Meal Base Pouch",
    "url": "https://www.coles.com.au/product/kan-tong-teriyaki-chicken-stir-fry-meal-base-pouch-175g-3189548",
    "img": "https://productimages.coles.com.au/productimages/3/3189548.jpg",
    "price": 3.5,
    "quantity": 0.175,
    "unitPrice": 20
  },
  {
    "name": "Japanese Style Udon Stir Fry Sauce",
    "url": "https://www.coles.com.au/product/wokka-japanese-style-udon-stir-fry-sauce-175g-7044208",
    "img": "https://productimages.coles.com.au/productimages/7/7044208.jpg",
    "price": 3.5,
    "quantity": 0.175,
    "unitPrice": 20
  },
  {
    "name": "Thai Chilli Basil Stir Fry Sauce",
    "url": "https://www.coles.com.au/product/wokka-thai-chilli-basil-stir-fry-sauce-175g-7044220",
    "img": "https://productimages.coles.com.au/productimages/7/7044220.jpg",
    "price": 3.5,
    "quantity": 0.175,
    "unitPrice": 20
  },
  {
    "name": "Mee Goreng Stir Fry Sauce",
    "url": "https://www.coles.com.au/product/wokka-mee-goreng-stir-fry-sauce-175g-7044241",
    "img": "https://productimages.coles.com.au/productimages/7/7044241.jpg",
    "price": 3.5,
    "quantity": 0.175,
    "unitPrice": 20
  },
  {
    "name": "Organic Tortilla Chips",
    "url": "https://www.coles.com.au/product/coles-organic-tortilla-chips-200g-5232590",
    "img": "https://productimages.coles.com.au/productimages/5/5232590.jpg",
    "price": 4,
    "quantity": 0.2,
    "unitPrice": 20
  },
  {
    "name": "Sesame Biscota",
    "url": "https://www.coles.com.au/product/olympian-sesame-biscota-250g-1855762",
    "img": "https://productimages.coles.com.au/productimages/1/1855762.jpg",
    "price": 5,
    "quantity": 0.25,
    "unitPrice": 20
  },
  {
    "name": "BBQ Sauce",
    "url": "https://www.coles.com.au/product/yeo's-satay-bbq-sauce-250ml-419492",
    "img": "https://productimages.coles.com.au/productimages/4/419492.jpg",
    "price": 5,
    "quantity": 0.25,
    "unitPrice": 20
  },
  {
    "name": "Dinamite Gochujang Mega Bomb Level 5",
    "url": "https://www.coles.com.au/product/o'food-dinamite-gochujang-mega-bomb-level-5-300g-5007685",
    "img": "https://productimages.coles.com.au/productimages/5/5007685.jpg",
    "price": 6,
    "quantity": 0.3,
    "unitPrice": 20
  },
  {
    "name": "Ready Sauce Shanghai Stir Fry Noodle",
    "url": "https://www.coles.com.au/product/lee-kum-kee-ready-sauce-shanghai-stir-fry-noodle-120g-4312220",
    "img": "https://productimages.coles.com.au/productimages/4/4312220.jpg",
    "price": 2.4,
    "quantity": 0.12,
    "unitPrice": 20
  },
  {
    "name": "Ready Sauce Black Pepper Beef",
    "url": "https://www.coles.com.au/product/lee-kum-kee-ready-sauce-black-pepper-beef-120g-8104280",
    "img": "https://productimages.coles.com.au/productimages/8/8104280.jpg",
    "price": 2.4,
    "quantity": 0.12,
    "unitPrice": 20
  },
  {
    "name": "Ready Sauce Cantonese Chicken",
    "url": "https://www.coles.com.au/product/lee-kum-kee-ready-sauce-cantonese-chicken-120g-8104473",
    "img": "https://productimages.coles.com.au/productimages/8/8104473.jpg",
    "price": 2.4,
    "quantity": 0.12,
    "unitPrice": 20
  },
  {
    "name": "Ready Sauce Honey And Soy Chicken",
    "url": "https://www.coles.com.au/product/lee-kum-kee-ready-sauce-honey-and-soy-chicken-120g-8774319",
    "img": "https://productimages.coles.com.au/productimages/8/8774319.jpg",
    "price": 2.4,
    "quantity": 0.12,
    "unitPrice": 20
  },
  {
    "name": "Ready Sauce Mongolian Lamb",
    "url": "https://www.coles.com.au/product/lee-kum-kee-ready-sauce-mongolian-lamb-120g-9756028",
    "img": "https://productimages.coles.com.au/productimages/9/9756028.jpg",
    "price": 2.4,
    "quantity": 0.12,
    "unitPrice": 20
  },
  {
    "name": "Dairylea Cheddar Cheese Block",
    "url": "https://www.coles.com.au/product/bega-dairylea-cheddar-cheese-block-250g-127431",
    "img": "https://productimages.coles.com.au/productimages/1/127431.jpg",
    "price": 5,
    "quantity": 0.25,
    "unitPrice": 20
  },
  {
    "name": "Australian Creamed Honey",
    "url": "https://www.coles.com.au/product/coles-finest-australian-creamed-honey-375g-6929560",
    "img": "https://productimages.coles.com.au/productimages/6/6929560.jpg",
    "price": 7.5,
    "quantity": 0.375,
    "unitPrice": 20
  },
  {
    "name": "Bee Cause Australian Bush Honey",
    "url": "https://www.coles.com.au/product/beechworth-bee-cause-australian-bush-honey-400g-2900385",
    "img": "https://productimages.coles.com.au/productimages/2/2900385.jpg",
    "price": 8,
    "quantity": 0.4,
    "unitPrice": 20
  },
  {
    "name": "Bee Cause Australian Coastal Honey",
    "url": "https://www.coles.com.au/product/beechworth-bee-cause-australian-coastal-honey-400g-2900396",
    "img": "https://productimages.coles.com.au/productimages/2/2900396.jpg",
    "price": 8,
    "quantity": 0.4,
    "unitPrice": 20
  },
  {
    "name": "Honey Bee Cause 100% Australian Orange Blossom Honey Squeeze",
    "url": "https://www.coles.com.au/product/beechworth-honey-bee-cause-100%-australian-orange-blossom-honey-squeeze-400g-5489779",
    "img": "https://productimages.coles.com.au/productimages/5/5489779.jpg",
    "price": 8,
    "quantity": 0.4,
    "unitPrice": 20
  },
  {
    "name": "Extra Virgin Olive Oil Spray",
    "url": "https://www.coles.com.au/product/coles-extra-virgin-olive-oil-spray-150g-8095601",
    "img": "https://productimages.coles.com.au/productimages/8/8095601.jpg",
    "price": 3,
    "quantity": 0.15,
    "unitPrice": 20
  },
  {
    "name": "Extra Virgin Olive Oil Spray",
    "url": "https://www.coles.com.au/product/la-espanola-extra-virgin-olive-oil-spray-200ml-4992657",
    "img": "https://productimages.coles.com.au/productimages/4/4992657.jpg",
    "price": 4,
    "quantity": 0.2,
    "unitPrice": 20
  },
  {
    "name": "White Balsamic Vinegar",
    "url": "https://www.coles.com.au/product/squeaky-gate-white-balsamic-vinegar-250ml-4796364",
    "img": "https://productimages.coles.com.au/productimages/4/4796364.jpg",
    "price": 5,
    "quantity": 0.25,
    "unitPrice": 20
  },
  {
    "name": "Grass Fed Ghee Butter",
    "url": "https://www.coles.com.au/product/coco-earth-grass-fed-ghee-butter-500ml-4695345",
    "img": "https://productimages.coles.com.au/productimages/4/4695345.jpg",
    "price": 10,
    "quantity": 0.5,
    "unitPrice": 20
  },
  {
    "name": "Organic Extra Virgin Olive Oil",
    "url": "https://www.coles.com.au/product/red-island-organic-extra-virgin-olive-oil-500ml-5693334",
    "img": "https://productimages.coles.com.au/productimages/5/5693334.jpg",
    "price": 10,
    "quantity": 0.5,
    "unitPrice": 20
  },
  {
    "name": "Spinach And Ricotta Ravioli",
    "url": "https://www.coles.com.au/product/coles-spinach-and-ricotta-ravioli-approx.-100g-3609552",
    "img": "https://productimages.coles.com.au/productimages/3/3609552.jpg",
    "price": 2,
    "quantity": 0.1,
    "unitPrice": 20
  },
  {
    "name": "Portobello And Porcini Mushroom Ravioli",
    "url": "https://www.coles.com.au/product/coles-portobello-and-porcini-mushroom-ravioli-approx.-100g-3609600",
    "img": "https://productimages.coles.com.au/productimages/3/3609600.jpg",
    "price": 2,
    "quantity": 0.1,
    "unitPrice": 20
  },
  {
    "name": "Premium Red Wine Jus",
    "url": "https://www.coles.com.au/product/coles-premium-red-wine-jus-200ml-3729394",
    "img": "https://productimages.coles.com.au/productimages/3/3729394.jpg",
    "price": 4,
    "quantity": 0.2,
    "unitPrice": 20
  },
  {
    "name": "Premium Mushroom Sauce",
    "url": "https://www.coles.com.au/product/coles-premium-mushroom-sauce-200ml-3729408",
    "img": "https://productimages.coles.com.au/productimages/3/3729408.jpg",
    "price": 4,
    "quantity": 0.2,
    "unitPrice": 20
  },
  {
    "name": "Premium Peppercorn Sauce",
    "url": "https://www.coles.com.au/product/coles-premium-peppercorn-sauce-200ml-3729430",
    "img": "https://productimages.coles.com.au/productimages/3/3729430.jpg",
    "price": 4,
    "quantity": 0.2,
    "unitPrice": 20
  },
  {
    "name": "Premium Traditional Gravy",
    "url": "https://www.coles.com.au/product/coles-premium-traditional-gravy-200ml-3959248",
    "img": "https://productimages.coles.com.au/productimages/3/3959248.jpg",
    "price": 4,
    "quantity": 0.2,
    "unitPrice": 20
  },
  {
    "name": "Premium Garlic Sauce",
    "url": "https://www.coles.com.au/product/coles-premium-garlic-sauce-200ml-3959270",
    "img": "https://productimages.coles.com.au/productimages/3/3959270.jpg",
    "price": 4,
    "quantity": 0.2,
    "unitPrice": 20
  },
  {
    "name": "Premium Caramelised Onion Jus",
    "url": "https://www.coles.com.au/product/coles-premium-caramelised-onion-jus-200ml-3959292",
    "img": "https://productimages.coles.com.au/productimages/3/3959292.jpg",
    "price": 4,
    "quantity": 0.2,
    "unitPrice": 20
  },
  {
    "name": "Premium Vegan Gravy",
    "url": "https://www.coles.com.au/product/coles-premium-vegan-gravy-200ml-3959317",
    "img": "https://productimages.coles.com.au/productimages/3/3959317.jpg",
    "price": 4,
    "quantity": 0.2,
    "unitPrice": 20
  },
  {
    "name": "Premium Bearnaise Sauce",
    "url": "https://www.coles.com.au/product/coles-premium-bearnaise-sauce-200ml-4971158",
    "img": "https://productimages.coles.com.au/productimages/4/4971158.jpg",
    "price": 4,
    "quantity": 0.2,
    "unitPrice": 20
  },
  {
    "name": "Frozen Gluten Free Lentil Burgers",
    "url": "https://www.coles.com.au/product/syndian-frozen-gluten-free-lentil-burgers-400g-7601891",
    "img": "https://productimages.coles.com.au/productimages/7/7601891.jpg",
    "price": 8,
    "quantity": 0.4,
    "unitPrice": 20
  },
  {
    "name": "Drumstick Vanilla Ice Cream 4 pack",
    "url": "https://www.coles.com.au/product/peters-drumstick-vanilla-ice-cream-4-pack-475ml-193844",
    "img": "https://productimages.coles.com.au/productimages/1/193844.jpg",
    "price": 9.5,
    "quantity": 0.475,
    "unitPrice": 20
  },
  {
    "name": "Drumstick Salted Caramel & White Chocolate 4Pack",
    "url": "https://www.coles.com.au/product/peters-drumstick-salted-caramel-&-white-chocolate-4pack-475ml-2858041",
    "img": "https://productimages.coles.com.au/productimages/2/2858041.jpg",
    "price": 9.5,
    "quantity": 0.475,
    "unitPrice": 20
  },
  {
    "name": "Ice Cream Super Choc 4Pack",
    "url": "https://www.coles.com.au/product/drumstick-ice-cream-super-choc-4pack-475ml-5197274",
    "img": "https://productimages.coles.com.au/productimages/5/5197274.jpg",
    "price": 9.5,
    "quantity": 0.475,
    "unitPrice": 20
  },
  {
    "name": "Drumstick Ice Cream Cua Choc Cookie 4pack",
    "url": "https://www.coles.com.au/product/peters-drumstick-ice-cream-cua-choc-cookie-4pack-475ml-5764217",
    "img": "https://productimages.coles.com.au/productimages/5/5764217.jpg",
    "price": 9.5,
    "quantity": 0.475,
    "unitPrice": 20
  },
  {
    "name": "Ice Cream Cua Vanilla Caramel 4pack",
    "url": "https://www.coles.com.au/product/drumstick-ice-cream-cua-vanilla-caramel-4pack-475ml-5764261",
    "img": "https://productimages.coles.com.au/productimages/5/5764261.jpg",
    "price": 9.5,
    "quantity": 0.475,
    "unitPrice": 20
  },
  {
    "name": "Drumstick Choc Mint Ice Cream 4 pack",
    "url": "https://www.coles.com.au/product/peters-drumstick-choc-mint-ice-cream-4-pack-475ml-7210293",
    "img": "https://productimages.coles.com.au/productimages/7/7210293.jpg",
    "price": 9.5,
    "quantity": 0.475,
    "unitPrice": 20
  },
  {
    "name": "Ice Cream Caramel 4Pack",
    "url": "https://www.coles.com.au/product/drumstick-ice-cream-caramel-4pack-475ml-9091377",
    "img": "https://productimages.coles.com.au/productimages/9/9091377.jpg",
    "price": 9.5,
    "quantity": 0.475,
    "unitPrice": 20
  },
  {
    "name": "Boysenberry Ice Cream 4 pack",
    "url": "https://www.coles.com.au/product/drumstick-boysenberry-ice-cream-4-pack-475ml-9360854",
    "img": "https://productimages.coles.com.au/productimages/9/9360854.jpg",
    "price": 9.5,
    "quantity": 0.475,
    "unitPrice": 20
  },
  {
    "name": "Frozen Mushroom & Pork Dumplings",
    "url": "https://www.coles.com.au/product/hanabi-frozen-mushroom-&-pork-dumplings-500g-2143304",
    "img": "https://productimages.coles.com.au/productimages/2/2143304.jpg",
    "price": 10,
    "quantity": 0.5,
    "unitPrice": 20
  },
  {
    "name": "Organic Coconut Ice Cream Vanilla Bean",
    "url": "https://www.coles.com.au/product/coyo-organic-coconut-ice-cream-vanilla-bean-500ml-3944342",
    "img": "https://productimages.coles.com.au/productimages/3/3944342.jpg",
    "price": 10,
    "quantity": 0.5,
    "unitPrice": 20
  },
  {
    "name": "Organic Coconut Ice Cream Chocolate Ripple",
    "url": "https://www.coles.com.au/product/coyo-organic-coconut-ice-cream-chocolate-ripple-500ml-3944353",
    "img": "https://productimages.coles.com.au/productimages/3/3944353.jpg",
    "price": 10,
    "quantity": 0.5,
    "unitPrice": 20
  },
  {
    "name": "Coconut Ice Cream Cookies & Cream",
    "url": "https://www.coles.com.au/product/coyo-coconut-ice-cream-cookies-&-cream-500ml-5466412",
    "img": "https://productimages.coles.com.au/productimages/5/5466412.jpg",
    "price": 10,
    "quantity": 0.5,
    "unitPrice": 20
  },
  {
    "name": "Pub Size Double Meat Bacon Carbonara",
    "url": "https://www.coles.com.au/product/mccain-pub-size-double-meat-bacon-carbonara-500g-5641374",
    "img": "https://productimages.coles.com.au/productimages/5/5641374.jpg",
    "price": 10,
    "quantity": 0.5,
    "unitPrice": 20
  },
  {
    "name": "Frozen Petite Quiches Variety 30 Pack",
    "url": "https://www.coles.com.au/product/temptation-frozen-petite-quiches-variety-30-pack-500g-7984611",
    "img": "https://productimages.coles.com.au/productimages/7/7984611.jpg",
    "price": 10,
    "quantity": 0.5,
    "unitPrice": 20
  },
  {
    "name": "Dim Sims",
    "url": "https://www.coles.com.au/product/south-melbourne-dim-sims-600g-3848586",
    "img": "https://productimages.coles.com.au/productimages/3/3848586.jpg",
    "price": 12,
    "quantity": 0.6,
    "unitPrice": 20
  },
  {
    "name": "Southern Blue Whiting Fillets",
    "url": "https://www.coles.com.au/product/birds-eye-southern-blue-whiting-fillets-1kg-5020515",
    "img": "https://productimages.coles.com.au/productimages/5/5020515.jpg",
    "price": 20,
    "quantity": 1,
    "unitPrice": 20
  },
  {
    "name": "Boneless Shoulder With Sweet Mint And Rosemary",
    "url": "https://www.coles.com.au/product/coles-boneless-shoulder-with-sweet-mint-and-rosemary-approx.-800g-5989851",
    "img": "https://productimages.coles.com.au/productimages/5/5989851.jpg",
    "price": 16,
    "quantity": 0.8,
    "unitPrice": 20
  },
  {
    "name": "Made Easy Chicken Puff Pastry Parcels With Parmesan & Garlic",
    "url": "https://www.coles.com.au/product/coles-made-easy-chicken-puff-pastry-parcels-with-parmesan-&-garlic-350g-2292337",
    "img": "https://productimages.coles.com.au/productimages/2/2292337.jpg",
    "price": 7,
    "quantity": 0.35,
    "unitPrice": 20
  },
  {
    "name": "RSPCA Approved Chicken Popcorn Southern Fried",
    "url": "https://www.coles.com.au/product/coles-rspca-approved-chicken-popcorn-southern-fried-400g-3476834",
    "img": "https://productimages.coles.com.au/productimages/3/3476834.jpg",
    "price": 8,
    "quantity": 0.4,
    "unitPrice": 20
  },
  {
    "name": "Veal Mince",
    "url": "https://www.coles.com.au/product/richmond-valley-veal-mince-400g-4750352",
    "img": "https://productimages.coles.com.au/productimages/4/4750352.jpg",
    "price": 8,
    "quantity": 0.4,
    "unitPrice": 20
  },
  {
    "name": "Pork Sizzle Steaks",
    "url": "https://www.coles.com.au/product/coles-pork-sizzle-steaks-400g-6062510",
    "img": "https://productimages.coles.com.au/productimages/6/6062510.jpg",
    "price": 8,
    "quantity": 0.4,
    "unitPrice": 20
  },
  {
    "name": "Pork Loin Chops Lightly Marinated",
    "url": "https://www.coles.com.au/product/coles-pork-loin-chops-lightly-marinated-450g-6409120",
    "img": "https://productimages.coles.com.au/productimages/6/6409120.jpg",
    "price": 9,
    "quantity": 0.45,
    "unitPrice": 20
  },
  {
    "name": "Carbon Neutral Beef Mince",
    "url": "https://www.coles.com.au/product/coles-finest-carbon-neutral-beef-mince-500g-6069429",
    "img": "https://productimages.coles.com.au/productimages/6/6069429.jpg",
    "price": 10,
    "quantity": 0.5,
    "unitPrice": 20
  },
  {
    "name": "No Added Hormone Beef 5 Star Extra Trim Mince",
    "url": "https://www.coles.com.au/product/coles-no-added-hormone-beef-5-star-extra-trim-mince-500g-8112799",
    "img": "https://productimages.coles.com.au/productimages/8/8112799.jpg",
    "price": 10,
    "quantity": 0.5,
    "unitPrice": 20
  },
  {
    "name": "Made Easy Bacon Wrapped Chicken Parcels With Pumpkin Spinach & Fetta Stuffing",
    "url": "https://www.coles.com.au/product/coles-made-easy-bacon-wrapped-chicken-parcels-with-pumpkin-spinach-&-fetta-stuffing-600g-1213277",
    "img": "https://productimages.coles.com.au/productimages/1/1213277.jpg",
    "price": 12,
    "quantity": 0.6,
    "unitPrice": 20
  },
  {
    "name": "Free Range Chicken Thigh Fillets Bulk Pack              ",
    "url": "https://www.coles.com.au/product/lilydale-free-range-chicken-thigh-fillets-bulk-pack---------------approx.-900g-2303772",
    "img": "https://productimages.coles.com.au/productimages/2/2303772.jpg",
    "price": 18,
    "quantity": 0.9,
    "unitPrice": 20
  },
  {
    "name": "Beef Roast With Mustard And Black Pepper",
    "url": "https://www.coles.com.au/product/coles-beef-roast-with-mustard-and-black-pepper-approx.-900g-2311191",
    "img": "https://productimages.coles.com.au/productimages/2/2311191.jpg",
    "price": 18,
    "quantity": 0.9,
    "unitPrice": 20
  },
  {
    "name": "No Added Hormone Beef Rump Steak",
    "url": "https://www.coles.com.au/product/drovers-choice-no-added-hormone-beef-rump-steak-approx.-1.05kg-2591870",
    "img": "https://productimages.coles.com.au/productimages/2/2591870.jpg",
    "price": 21,
    "quantity": 1.05,
    "unitPrice": 20
  },
  {
    "name": "Chicken Thigh Fillets",
    "url": "https://www.coles.com.au/product/the-bare-bird-chicken-thigh-fillets-approx.-500g-3091240",
    "img": "https://productimages.coles.com.au/productimages/3/3091240.jpg",
    "price": 10,
    "quantity": 0.5,
    "unitPrice": 20
  },
  {
    "name": "RSPCA Approved Free Range Chicken Tenderloins",
    "url": "https://www.coles.com.au/product/coles-rspca-approved-free-range-chicken-tenderloins-approx.-600g-3228785",
    "img": "https://productimages.coles.com.au/productimages/3/3228785.jpg",
    "price": 12,
    "quantity": 0.6,
    "unitPrice": 20
  },
  {
    "name": "RSPCA Approved Free Range Chicken Stir Fry",
    "url": "https://www.coles.com.au/product/coles-rspca-approved-free-range-chicken-stir-fry-approx.-575g-3505954",
    "img": "https://productimages.coles.com.au/productimages/3/3505954.jpg",
    "price": 11.5,
    "quantity": 0.575,
    "unitPrice": 20
  },
  {
    "name": "Lamb Leg Butterflied",
    "url": "https://www.coles.com.au/product/coles-lamb-leg-butterflied-approx.-1.1kg-3838800",
    "img": "https://productimages.coles.com.au/productimages/3/3838800.jpg",
    "price": 22,
    "quantity": 1.1,
    "unitPrice": 20
  },
  {
    "name": "No Added Hormone Beef Butterflied Texan BBQ",
    "url": "https://www.coles.com.au/product/coles-no-added-hormone-beef-butterflied-texan-bbq-approx.-800g-4256753",
    "img": "https://productimages.coles.com.au/productimages/4/4256753.jpg",
    "price": 16,
    "quantity": 0.8,
    "unitPrice": 20
  },
  {
    "name": "Thawed Cooked Vannamei Prawns",
    "url": "https://www.coles.com.au/product/coles-deli-thawed-cooked-vannamei-prawns-approx.-250g-4273050",
    "img": "https://productimages.coles.com.au/productimages/4/4273050.jpg",
    "price": 5,
    "quantity": 0.25,
    "unitPrice": 20
  },
  {
    "name": "Lamb Leg Butterflied With Rosemary & Garlic Marinade",
    "url": "https://www.coles.com.au/product/coles-lamb-leg-butterflied-with-rosemary-&-garlic-marinade-approx.-1kg-6764926",
    "img": "https://productimages.coles.com.au/productimages/6/6764926.jpg",
    "price": 20,
    "quantity": 1,
    "unitPrice": 20
  },
  {
    "name": "Free Range Chicken Breast Fillets Small Pack ",
    "url": "https://www.coles.com.au/product/lilydale-free-range-chicken-breast-fillets-small-pack--approx.-600g-each-8227768",
    "img": "https://productimages.coles.com.au/productimages/8/8227768.jpg",
    "price": 12,
    "quantity": 0.6,
    "unitPrice": 20
  },
  {
    "name": "Butcher Lamb Leg Roast Boneless",
    "url": "https://www.coles.com.au/product/coles-butcher-lamb-leg-roast-boneless-approx.-1.08kg-9206887",
    "img": "https://productimages.coles.com.au/productimages/9/9206887.jpg",
    "price": 21.6,
    "quantity": 1.08,
    "unitPrice": 20
  },
  {
    "name": "Boneless Shoulder With Sweet Mint And Rosemary",
    "url": "https://www.coles.com.au/product/coles-boneless-shoulder-with-sweet-mint-and-rosemary-approx.-800g-5989851",
    "img": "https://productimages.coles.com.au/productimages/5/5989851.jpg",
    "price": 16,
    "quantity": 0.8,
    "unitPrice": 20
  },
  {
    "name": "Free Range Chicken Breast Fillets Small Pack ",
    "url": "https://www.coles.com.au/product/lilydale-free-range-chicken-breast-fillets-small-pack--approx.-600g-each-8227768",
    "img": "https://productimages.coles.com.au/productimages/8/8227768.jpg",
    "price": 12,
    "quantity": 0.6,
    "unitPrice": 20
  },
  {
    "name": "Butcher Lamb Leg Roast Boneless",
    "url": "https://www.coles.com.au/product/coles-butcher-lamb-leg-roast-boneless-approx.-1.08kg-9206887",
    "img": "https://productimages.coles.com.au/productimages/9/9206887.jpg",
    "price": 21.6,
    "quantity": 1.08,
    "unitPrice": 20
  },
  {
    "name": "Woolworths Smoked Mussels In Oil",
    "url": "https://www.woolworths.com.au/shop/productdetails/873023",
    "img": "https://cdn0.woolworths.media/content/wowproductimages/medium/873023.jpg",
    "price": 1.7,
    "quantity": 0.085,
    "unitPrice": 20
  },
  {
    "name": "25degrees South Baby Spinach And Fetta Ravioli Pasta",
    "url": "https://www.woolworths.com.au/shop/productdetails/214829",
    "img": "https://cdn0.woolworths.media/content/wowproductimages/medium/214829.jpg",
    "price": 6.5,
    "quantity": 0.325,
    "unitPrice": 20
  },
  {
    "name": "25degrees South Native Pumpkin Ricotta Ravioli Pasta",
    "url": "https://www.woolworths.com.au/shop/productdetails/214783",
    "img": "https://cdn0.woolworths.media/content/wowproductimages/medium/214783.jpg",
    "price": 6.5,
    "quantity": 0.325,
    "unitPrice": 20
  },
  {
    "name": "25degrees South Victorian Three Cheese Ravioli Pasta",
    "url": "https://www.woolworths.com.au/shop/productdetails/213120",
    "img": "https://cdn0.woolworths.media/content/wowproductimages/medium/213120.jpg",
    "price": 6.5,
    "quantity": 0.325,
    "unitPrice": 20
  },
  {
    "name": "Johnny Wong Pad Thai Sauce",
    "url": "https://www.woolworths.com.au/shop/productdetails/278159",
    "img": "https://cdn0.woolworths.media/content/wowproductimages/medium/278159.jpg",
    "price": 5,
    "quantity": 0.25,
    "unitPrice": 20
  },
  {
    "name": "Johnny Wong Honey Soy Chicken Stir Fry Sauce",
    "url": "https://www.woolworths.com.au/shop/productdetails/277659",
    "img": "https://cdn0.woolworths.media/content/wowproductimages/medium/277659.jpg",
    "price": 5,
    "quantity": 0.25,
    "unitPrice": 20
  },
  {
    "name": "Johnny Wong Malaysian Satay Stir Fry Sauce",
    "url": "https://www.woolworths.com.au/shop/productdetails/278243",
    "img": "https://cdn0.woolworths.media/content/wowproductimages/medium/278243.jpg",
    "price": 5,
    "quantity": 0.25,
    "unitPrice": 20
  },
  {
    "name": "Essentials Peas Dehydrated",
    "url": "https://www.woolworths.com.au/shop/productdetails/94700",
    "img": "https://cdn0.woolworths.media/content/wowproductimages/medium/094700.jpg",
    "price": 2,
    "quantity": 0.1,
    "unitPrice": 20
  },
  {
    "name": "Mainland Organic Butter",
    "url": "https://www.woolworths.com.au/shop/productdetails/799120",
    "img": "https://cdn0.woolworths.media/content/wowproductimages/medium/799120.jpg",
    "price": 5,
    "quantity": 0.25,
    "unitPrice": 20
  },
  {
    "name": "Lurpak Butter Block Slightly Salted",
    "url": "https://www.woolworths.com.au/shop/productdetails/149328",
    "img": "https://cdn0.woolworths.media/content/wowproductimages/medium/149328.jpg",
    "price": 8,
    "quantity": 0.4,
    "unitPrice": 20
  },
  {
    "name": "Lurpak Butter Block Unsalted",
    "url": "https://www.woolworths.com.au/shop/productdetails/150739",
    "img": "https://cdn0.woolworths.media/content/wowproductimages/medium/150739.jpg",
    "price": 8,
    "quantity": 0.4,
    "unitPrice": 20
  },
  {
    "name": "Puregg Free Range Liquid Egg White",
    "url": "https://www.woolworths.com.au/shop/productdetails/54278",
    "img": "https://cdn0.woolworths.media/content/wowproductimages/medium/054278.jpg",
    "price": 10,
    "quantity": 0.5,
    "unitPrice": 20
  },
  {
    "name": "Essentials Peas Dehydrated",
    "url": "https://www.woolworths.com.au/shop/productdetails/94700",
    "img": "https://cdn0.woolworths.media/content/wowproductimages/medium/094700.jpg",
    "price": 2,
    "quantity": 0.1,
    "unitPrice": 20
  },
  {
    "name": "Sirena Tuna In Oil Italian Style",
    "url": "https://www.woolworths.com.au/shop/productdetails/38610",
    "img": "https://cdn0.woolworths.media/content/wowproductimages/medium/038610.jpg",
    "price": 3.7,
    "quantity": 0.185,
    "unitPrice": 20
  },
  {
    "name": "Sirena Tuna In Springwater",
    "url": "https://www.woolworths.com.au/shop/productdetails/75363",
    "img": "https://cdn0.woolworths.media/content/wowproductimages/medium/075363.jpg",
    "price": 3.7,
    "quantity": 0.185,
    "unitPrice": 20
  },
  {
    "name": "Sirena Tuna In Oil Chilli",
    "url": "https://www.woolworths.com.au/shop/productdetails/54883",
    "img": "https://cdn0.woolworths.media/content/wowproductimages/medium/054883.jpg",
    "price": 3.7,
    "quantity": 0.185,
    "unitPrice": 20
  },
  {
    "name": "Sirena Tuna With Beans",
    "url": "https://www.woolworths.com.au/shop/productdetails/302155",
    "img": "https://cdn0.woolworths.media/content/wowproductimages/medium/302155.jpg",
    "price": 3.7,
    "quantity": 0.185,
    "unitPrice": 20
  },
  {
    "name": "Sirena La Vita Tuna In Oil",
    "url": "https://www.woolworths.com.au/shop/productdetails/237206",
    "img": "https://cdn0.woolworths.media/content/wowproductimages/medium/237206.jpg",
    "price": 3.7,
    "quantity": 0.185,
    "unitPrice": 20
  },
  {
    "name": "Woolworths Yellowfin Tuna Slices In Olive Oil",
    "url": "https://www.woolworths.com.au/shop/productdetails/676655",
    "img": "https://cdn0.woolworths.media/content/wowproductimages/medium/676655.jpg",
    "price": 2.5,
    "quantity": 0.125,
    "unitPrice": 20
  },
  {
    "name": "Woolworths Yellowfin Tuna Slices In Olive Oil With Chilli",
    "url": "https://www.woolworths.com.au/shop/productdetails/676656",
    "img": "https://cdn0.woolworths.media/content/wowproductimages/medium/676656.jpg",
    "price": 2.5,
    "quantity": 0.125,
    "unitPrice": 20
  },
  {
    "name": "Woolworths Extra Virgin Olive Oil Spray",
    "url": "https://www.woolworths.com.au/shop/productdetails/260739",
    "img": "https://cdn0.woolworths.media/content/wowproductimages/medium/260739.jpg",
    "price": 3,
    "quantity": 0.15,
    "unitPrice": 20
  },
  {
    "name": "Red Island Extra Virgin Olive Oil Cold Pressed",
    "url": "https://www.woolworths.com.au/shop/productdetails/257879",
    "img": "https://cdn0.woolworths.media/content/wowproductimages/medium/257879.jpg",
    "price": 20,
    "quantity": 1,
    "unitPrice": 20
  },
  {
    "name": "Squeaky Gate Extra Virgin Olive Oil The Allrounder",
    "url": "https://www.woolworths.com.au/shop/productdetails/798037",
    "img": "https://cdn0.woolworths.media/content/wowproductimages/medium/798037.jpg",
    "price": 15,
    "quantity": 0.75,
    "unitPrice": 20
  },
  {
    "name": "Woolworths Coconut Oil Spray",
    "url": "https://www.woolworths.com.au/shop/productdetails/680573",
    "img": "https://cdn0.woolworths.media/content/wowproductimages/medium/680573.jpg",
    "price": 4.5,
    "quantity": 0.225,
    "unitPrice": 20
  },
  {
    "name": "Squeaky Gate Australian Extra Virgin Olive Oil The Mild One",
    "url": "https://www.woolworths.com.au/shop/productdetails/798038",
    "img": "https://cdn0.woolworths.media/content/wowproductimages/medium/798038.jpg",
    "price": 15,
    "quantity": 0.75,
    "unitPrice": 20
  },
  {
    "name": "Squeaky Gate Australian Extra Virgin Olive Oil The Strong One",
    "url": "https://www.woolworths.com.au/shop/productdetails/798036",
    "img": "https://cdn0.woolworths.media/content/wowproductimages/medium/798036.jpg",
    "price": 15,
    "quantity": 0.75,
    "unitPrice": 20
  },
  {
    "name": "Olio Principe Sicilian Extra Virgin Organic Olive Oil  500ml",
    "url": "https://www.woolworths.com.au/shop/productdetails/1074415884",
    "img": "https://cdn0.woolworths.media/content/wowproductimages/medium/1074415884.jpg",
    "price": 10,
    "quantity": 0.5,
    "unitPrice": 20
  },
  {
    "name": "Ocean Chef Hoki Fillets",
    "url": "https://www.woolworths.com.au/shop/productdetails/665989",
    "img": "https://cdn0.woolworths.media/content/wowproductimages/medium/665989.jpg",
    "price": 20,
    "quantity": 1,
    "unitPrice": 20
  },
  {
    "name": "Woolworths Smoked Mussels In Oil",
    "url": "https://www.woolworths.com.au/shop/productdetails/873023",
    "img": "https://cdn0.woolworths.media/content/wowproductimages/medium/873023.jpg",
    "price": 1.7,
    "quantity": 0.085,
    "unitPrice": 20
  },
  {
    "name": "Mussel",
    "url": "https://www.woolworths.com.au/shop/productdetails/164977",
    "img": "https://cdn0.woolworths.media/content/wowproductimages/medium/164977.jpg",
    "price": 12,
    "quantity": 0.6,
    "unitPrice": 20
  },
  {
    "name": "Hart & Soul All Natural Tom Yum Soup Cup",
    "url": "https://www.woolworths.com.au/shop/productdetails/676579",
    "img": "https://cdn0.woolworths.media/content/wowproductimages/medium/676579.jpg",
    "price": 2,
    "quantity": 0.1,
    "unitPrice": 20
  },
  {
    "name": "Hart & Soul All Natural Wonton Soup Cup",
    "url": "https://www.woolworths.com.au/shop/productdetails/676610",
    "img": "https://cdn0.woolworths.media/content/wowproductimages/medium/676610.jpg",
    "price": 2,
    "quantity": 0.1,
    "unitPrice": 20
  },
  {
    "name": "Hart & Soul All Natural Pho Soup Cup",
    "url": "https://www.woolworths.com.au/shop/productdetails/676576",
    "img": "https://cdn0.woolworths.media/content/wowproductimages/medium/676576.jpg",
    "price": 2,
    "quantity": 0.1,
    "unitPrice": 20
  },
  {
    "name": "Hart & Soul Chicken Noodle Soup Pouch",
    "url": "https://www.woolworths.com.au/shop/productdetails/845116",
    "img": "https://cdn0.woolworths.media/content/wowproductimages/medium/845116.jpg",
    "price": 2,
    "quantity": 0.1,
    "unitPrice": 20
  },
  {
    "name": "Mountain Bread Rye Wraps",
    "url": "https://www.woolworths.com.au/shop/productdetails/16436",
    "img": "https://cdn0.woolworths.media/content/wowproductimages/medium/016436.jpg",
    "price": 4,
    "quantity": 0.2,
    "unitPrice": 20
  },
  {
    "name": "Mountain Bread Rice Mountain Bread",
    "url": "https://www.woolworths.com.au/shop/productdetails/112315",
    "img": "https://cdn0.woolworths.media/content/wowproductimages/medium/112315.jpg",
    "price": 4,
    "quantity": 0.2,
    "unitPrice": 20
  },
  {
    "name": "Cakemark Cookies Coconut Macaroons",
    "url": "https://www.woolworths.com.au/shop/productdetails/347787",
    "img": "https://cdn0.woolworths.media/content/wowproductimages/medium/347787.jpg",
    "price": 4,
    "quantity": 0.2,
    "unitPrice": 20
  },
  {
    "name": "Woolworths Blueberry & Oat Bread Slice",
    "url": "https://www.woolworths.com.au/shop/productdetails/255542",
    "img": "https://cdn0.woolworths.media/content/wowproductimages/medium/255542.jpg",
    "price": 2,
    "quantity": 0.1,
    "unitPrice": 20
  },
  {
    "name": "Woolworths Fruit & Nut Bread Slice",
    "url": "https://www.woolworths.com.au/shop/productdetails/255544",
    "img": "https://cdn0.woolworths.media/content/wowproductimages/medium/255544.jpg",
    "price": 2,
    "quantity": 0.1,
    "unitPrice": 20
  },
  {
    "name": "Woolworths White Cup Sliced Mushroom Punnet",
    "url": "https://www.woolworths.com.au/shop/productdetails/147981",
    "img": "https://cdn0.woolworths.media/content/wowproductimages/medium/147981.jpg",
    "price": 4,
    "quantity": 0.2,
    "unitPrice": 20
  },
  {
    "name": "Yopro High Protein Yoghurt Pouch No Added Sugar Vanilla",
    "url": "https://www.woolworths.com.au/shop/productdetails/794731",
    "img": "https://cdn0.woolworths.media/content/wowproductimages/medium/794731.jpg",
    "price": 3,
    "quantity": 0.15,
    "unitPrice": 20
  },
  {
    "name": "Yopro High Protein Yoghurt Pouch No Added Sugar Strawberry",
    "url": "https://www.woolworths.com.au/shop/productdetails/794607",
    "img": "https://cdn0.woolworths.media/content/wowproductimages/medium/794607.jpg",
    "price": 3,
    "quantity": 0.15,
    "unitPrice": 20
  },
  {
    "name": "Yopro High Protein Yoghurt Pouch No Added Sugar Banana",
    "url": "https://www.woolworths.com.au/shop/productdetails/795064",
    "img": "https://cdn0.woolworths.media/content/wowproductimages/medium/795064.jpg",
    "price": 3,
    "quantity": 0.15,
    "unitPrice": 20
  },
  {
    "name": "Yopro High Protein Yoghurt Pouch No Added Sugar Mango",
    "url": "https://www.woolworths.com.au/shop/productdetails/794937",
    "img": "https://cdn0.woolworths.media/content/wowproductimages/medium/794937.jpg",
    "price": 3,
    "quantity": 0.15,
    "unitPrice": 20
  },
  {
    "name": "Yopro High Protein Yoghurt Pouch No Added Sugar Mixed Berries",
    "url": "https://www.woolworths.com.au/shop/productdetails/187003",
    "img": "https://cdn0.woolworths.media/content/wowproductimages/medium/187003.jpg",
    "price": 3,
    "quantity": 0.15,
    "unitPrice": 20
  },
  {
    "name": "Yopro High Protein Yoghurt Pouch No Added Sugar Passionfruit",
    "url": "https://www.woolworths.com.au/shop/productdetails/794967",
    "img": "https://cdn0.woolworths.media/content/wowproductimages/medium/794967.jpg",
    "price": 3,
    "quantity": 0.15,
    "unitPrice": 20
  },
  {
    "name": "Yopro High Protein Yoghurt Pouch No Added Sugar Salted Caramel",
    "url": "https://www.woolworths.com.au/shop/productdetails/186982",
    "img": "https://cdn0.woolworths.media/content/wowproductimages/medium/186982.jpg",
    "price": 3,
    "quantity": 0.15,
    "unitPrice": 20
  },
  {
    "name": "Chobani Fit Strawberry High Protein Greek Yogurt Pouch",
    "url": "https://www.woolworths.com.au/shop/productdetails/689539",
    "img": "https://cdn0.woolworths.media/content/wowproductimages/medium/689539.jpg",
    "price": 2.8,
    "quantity": 0.14,
    "unitPrice": 20
  },
  {
    "name": "Chobani Fit Raspberry High Protein Greek Yogurt Pouch",
    "url": "https://www.woolworths.com.au/shop/productdetails/169923",
    "img": "https://cdn0.woolworths.media/content/wowproductimages/medium/169923.jpg",
    "price": 2.8,
    "quantity": 0.14,
    "unitPrice": 20
  },
  {
    "name": "Chobani Fit Banana High Protein Greek Yoghurt Pouch",
    "url": "https://www.woolworths.com.au/shop/productdetails/242960",
    "img": "https://cdn0.woolworths.media/content/wowproductimages/medium/242960.jpg",
    "price": 2.8,
    "quantity": 0.14,
    "unitPrice": 20
  },
  {
    "name": "Chobani Fit Tropical High Protein Greek Yoghurt Pouch",
    "url": "https://www.woolworths.com.au/shop/productdetails/243179",
    "img": "https://cdn0.woolworths.media/content/wowproductimages/medium/243179.jpg",
    "price": 2.8,
    "quantity": 0.14,
    "unitPrice": 20
  },
  {
    "name": "25degrees South Baby Spinach And Fetta Ravioli Pasta",
    "url": "https://www.woolworths.com.au/shop/productdetails/214829",
    "img": "https://cdn0.woolworths.media/content/wowproductimages/medium/214829.jpg",
    "price": 6.5,
    "quantity": 0.325,
    "unitPrice": 20
  },
  {
    "name": "25degrees South Native Pumpkin Ricotta Ravioli Pasta",
    "url": "https://www.woolworths.com.au/shop/productdetails/214783",
    "img": "https://cdn0.woolworths.media/content/wowproductimages/medium/214783.jpg",
    "price": 6.5,
    "quantity": 0.325,
    "unitPrice": 20
  },
  {
    "name": "25degrees South Victorian Three Cheese Ravioli Pasta",
    "url": "https://www.woolworths.com.au/shop/productdetails/213120",
    "img": "https://cdn0.woolworths.media/content/wowproductimages/medium/213120.jpg",
    "price": 6.5,
    "quantity": 0.325,
    "unitPrice": 20
  },
  {
    "name": "Virgen de la Esperanza Arroz Bomba Spanish Bomba Rice 500g",
    "url": "https://www.woolworths.com.au/shop/productdetails/1074415900",
    "img": "https://cdn0.woolworths.media/content/wowproductimages/medium/1074415900.jpg",
    "price": 10,
    "quantity": 0.5,
    "unitPrice": 20
  },
  {
    "name": "Champagne Leg Ham Shaved From The Deli",
    "url": "https://www.woolworths.com.au/shop/productdetails/129693",
    "img": "https://cdn0.woolworths.media/content/wowproductimages/medium/129693.jpg",
    "price": 20,
    "quantity": 1,
    "unitPrice": 20
  },
  {
    "name": "Woolworths Heart Smart Extra Lean Beef Mince",
    "url": "https://www.woolworths.com.au/shop/productdetails/577860",
    "img": "https://cdn0.woolworths.media/content/wowproductimages/medium/577860.jpg",
    "price": 10,
    "quantity": 0.5,
    "unitPrice": 20
  },
  {
    "name": "D'orsogna Plain Streaky Bacon From The Deli",
    "url": "https://www.woolworths.com.au/shop/productdetails/746376",
    "img": "https://cdn0.woolworths.media/content/wowproductimages/medium/746376.jpg",
    "price": 20,
    "quantity": 1,
    "unitPrice": 20
  },
  {
    "name": "Woolworths Beef & Lamb Meatballs",
    "url": "https://www.woolworths.com.au/shop/productdetails/764264",
    "img": "https://cdn0.woolworths.media/content/wowproductimages/medium/764264.jpg",
    "price": 8,
    "quantity": 0.4,
    "unitPrice": 20
  },
  {
    "name": "Woolworths Pork & Veal Meatballs",
    "url": "https://www.woolworths.com.au/shop/productdetails/822439",
    "img": "https://cdn0.woolworths.media/content/wowproductimages/medium/822439.jpg",
    "price": 8,
    "quantity": 0.4,
    "unitPrice": 20
  },
  {
    "name": "Ingham's Chicken Breast Supreme Shaved From The Deli",
    "url": "https://www.woolworths.com.au/shop/productdetails/98431",
    "img": "https://cdn0.woolworths.media/content/wowproductimages/medium/098431.jpg",
    "price": 20,
    "quantity": 1,
    "unitPrice": 20
  },
  {
    "name": "Woolworths Angus Beef Burgers Sea Salt & Pepper",
    "url": "https://www.woolworths.com.au/shop/productdetails/60058",
    "img": "https://cdn0.woolworths.media/content/wowproductimages/medium/060058.jpg",
    "price": 9,
    "quantity": 0.45,
    "unitPrice": 20
  },
  {
    "name": "Ingham's Chicken Breast Supreme Sliced From The Deli",
    "url": "https://www.woolworths.com.au/shop/productdetails/16349",
    "img": "https://cdn0.woolworths.media/content/wowproductimages/medium/016349.jpg",
    "price": 20,
    "quantity": 1,
    "unitPrice": 20
  },
  {
    "name": "Woolworths Pork Sizzle Steak",
    "url": "https://www.woolworths.com.au/shop/productdetails/680992",
    "img": "https://cdn0.woolworths.media/content/wowproductimages/medium/680992.jpg",
    "price": 8,
    "quantity": 0.4,
    "unitPrice": 20
  },
  {
    "name": "Woolworths &veg Beef Meatballs With Carrot Celery Tomato & Onion",
    "url": "https://www.woolworths.com.au/shop/productdetails/84993",
    "img": "https://cdn0.woolworths.media/content/wowproductimages/medium/084993.jpg",
    "price": 8,
    "quantity": 0.4,
    "unitPrice": 20
  },
  {
    "name": "Woolworths Loin Steaks Pork",
    "url": "https://www.woolworths.com.au/shop/productdetails/829116",
    "img": "https://cdn0.woolworths.media/content/wowproductimages/medium/829116.jpg",
    "price": 10,
    "quantity": 0.5,
    "unitPrice": 20
  },
  {
    "name": "Woolworths Angus Beef & Caramelised Onion Sausages",
    "url": "https://www.woolworths.com.au/shop/productdetails/260669",
    "img": "https://cdn0.woolworths.media/content/wowproductimages/medium/260669.jpg",
    "price": 9,
    "quantity": 0.45,
    "unitPrice": 20
  },
  {
    "name": "Woolworths Moisture Infused Pork Chops",
    "url": "https://www.woolworths.com.au/shop/productdetails/185960",
    "img": "https://cdn0.woolworths.media/content/wowproductimages/medium/185960.jpg",
    "price": 8,
    "quantity": 0.4,
    "unitPrice": 20
  },
  {
    "name": "Don Short Cut Rindless Bacon Twin Pack",
    "url": "https://www.woolworths.com.au/shop/productdetails/216733",
    "img": "https://cdn0.woolworths.media/content/wowproductimages/medium/216733.jpg",
    "price": 10,
    "quantity": 0.5,
    "unitPrice": 20
  },
  {
    "name": "Woolworths Cracked Black Pepper Wagyu Beef Sausages",
    "url": "https://www.woolworths.com.au/shop/productdetails/260670",
    "img": "https://cdn0.woolworths.media/content/wowproductimages/medium/260670.jpg",
    "price": 9,
    "quantity": 0.45,
    "unitPrice": 20
  },
  {
    "name": "Woolworths Bbq Chicken Burgers Zucchini & Parmesan",
    "url": "https://www.woolworths.com.au/shop/productdetails/104334",
    "img": "https://cdn0.woolworths.media/content/wowproductimages/medium/104334.jpg",
    "price": 9,
    "quantity": 0.45,
    "unitPrice": 20
  },
  {
    "name": "Steggles Gravy Chicken Breast Schnitzel",
    "url": "https://www.woolworths.com.au/shop/productdetails/388014",
    "img": "https://cdn0.woolworths.media/content/wowproductimages/medium/388014.jpg",
    "price": 12,
    "quantity": 0.6,
    "unitPrice": 20
  },
  {
    "name": "Woolworths Southern Style Chicken Pops",
    "url": "https://www.woolworths.com.au/shop/productdetails/134088",
    "img": "https://cdn0.woolworths.media/content/wowproductimages/medium/134088.jpg",
    "price": 8,
    "quantity": 0.4,
    "unitPrice": 20
  },
  {
    "name": "Pork Stir Fry",
    "url": "https://www.woolworths.com.au/shop/productdetails/114363",
    "img": "https://cdn0.woolworths.media/content/wowproductimages/medium/114363.jpg",
    "price": 8,
    "quantity": 0.4,
    "unitPrice": 20
  },
  {
    "name": "Woolworths Lamb Fetta & Rosemary Sausages",
    "url": "https://www.woolworths.com.au/shop/productdetails/260671",
    "img": "https://cdn0.woolworths.media/content/wowproductimages/medium/260671.jpg",
    "price": 9,
    "quantity": 0.45,
    "unitPrice": 20
  },
  {
    "name": "Macro Grass Fed Australian Lamb Mince",
    "url": "https://www.woolworths.com.au/shop/productdetails/286300",
    "img": "https://cdn0.woolworths.media/content/wowproductimages/medium/286300.jpg",
    "price": 9,
    "quantity": 0.45,
    "unitPrice": 20
  },
  {
    "name": "Woolworths Corned Beef Silverside Portion",
    "url": "https://www.woolworths.com.au/shop/productdetails/756107",
    "img": "https://cdn0.woolworths.media/content/wowproductimages/medium/756107.jpg",
    "price": 22,
    "quantity": 1.1,
    "unitPrice": 20
  },
  {
    "name": "Woolworths Bbq Hickory Smokey Infused Beef Burgers",
    "url": "https://www.woolworths.com.au/shop/productdetails/212748",
    "img": "https://cdn0.woolworths.media/content/wowproductimages/medium/212748.jpg",
    "price": 9,
    "quantity": 0.45,
    "unitPrice": 20
  },
  {
    "name": "Peppercorn Butch Beef Jumbo Burger Garlic Pepper",
    "url": "https://www.woolworths.com.au/shop/productdetails/790208",
    "img": "https://cdn0.woolworths.media/content/wowproductimages/medium/790208.jpg",
    "price": 12,
    "quantity": 0.6,
    "unitPrice": 20
  },
  {
    "name": "Woolworths Lamb Leg Butterflied",
    "url": "https://www.woolworths.com.au/shop/productdetails/321135",
    "img": "https://cdn0.woolworths.media/content/wowproductimages/medium/321135.jpg",
    "price": 26,
    "quantity": 1.3,
    "unitPrice": 20
  },
  {
    "name": "Woolworths Beef Oyster Blade Roast",
    "url": "https://www.woolworths.com.au/shop/productdetails/317384",
    "img": "https://cdn0.woolworths.media/content/wowproductimages/medium/317384.jpg",
    "price": 25,
    "quantity": 1.25,
    "unitPrice": 20
  },
  {
    "name": "Hoyts Sesame Seeds Jar",
    "url": "https://www.woolworths.com.au/shop/productdetails/8675",
    "img": "https://cdn0.woolworths.media/content/wowproductimages/medium/008675.jpg",
    "price": 4.7,
    "quantity": 0.23,
    "unitPrice": 20
  },
  {
    "name": "Saxa Table Salt Picnic Pack Picnic Pack",
    "url": "https://www.woolworths.com.au/shop/productdetails/43115",
    "img": "https://cdn0.woolworths.media/content/wowproductimages/medium/043115.jpg",
    "price": 2.5,
    "quantity": 0.125,
    "unitPrice": 20
  },
  {
    "name": "Saxa Picnic Pack Iodised Table Salt",
    "url": "https://www.woolworths.com.au/shop/productdetails/63667",
    "img": "https://cdn0.woolworths.media/content/wowproductimages/medium/063667.jpg",
    "price": 2.5,
    "quantity": 0.125,
    "unitPrice": 20
  },
  {
    "name": "Heart Salt Heart Table Salt",
    "url": "https://www.woolworths.com.au/shop/productdetails/262816",
    "img": "https://cdn0.woolworths.media/content/wowproductimages/medium/262816.jpg",
    "price": 3,
    "quantity": 0.15,
    "unitPrice": 20
  },
  {
    "name": "Capilano 100% Pure Australian Honey Non Active Manuka Squeeze",
    "url": "https://www.woolworths.com.au/shop/productdetails/373041",
    "img": "https://cdn0.woolworths.media/content/wowproductimages/medium/373041.jpg",
    "price": 6.8,
    "quantity": 0.34,
    "unitPrice": 20
  },
  {
    "name": "Podravka Chicken Paste",
    "url": "https://www.woolworths.com.au/shop/productdetails/323962",
    "img": "https://cdn0.woolworths.media/content/wowproductimages/medium/323962.jpg",
    "price": 2,
    "quantity": 0.1,
    "unitPrice": 20
  },
  {
    "name": "Freedom Classic Rice Puffs Cereal",
    "url": "https://www.woolworths.com.au/shop/productdetails/224381",
    "img": "https://cdn0.woolworths.media/content/wowproductimages/medium/224381.jpg",
    "price": 5,
    "quantity": 0.25,
    "unitPrice": 20
  },
  {
    "name": "Beechworth 100% Australian Bee Cause Mountain Honey Squeeze",
    "url": "https://www.woolworths.com.au/shop/productdetails/434626",
    "img": "https://cdn0.woolworths.media/content/wowproductimages/medium/434626.jpg",
    "price": 8,
    "quantity": 0.4,
    "unitPrice": 20
  },
  {
    "name": "Kellogg's Frosties Breakfast Cereal",
    "url": "https://www.woolworths.com.au/shop/productdetails/701675",
    "img": "https://cdn0.woolworths.media/content/wowproductimages/medium/701675.jpg",
    "price": 7,
    "quantity": 0.35,
    "unitPrice": 20
  },
  {
    "name": "Carman's Fruit & Nut Crispy Deluxe Muesli",
    "url": "https://www.woolworths.com.au/shop/productdetails/292780",
    "img": "https://cdn0.woolworths.media/content/wowproductimages/medium/292780.jpg",
    "price": 8,
    "quantity": 0.4,
    "unitPrice": 20
  },
  {
    "name": "Beechworth 100% Australian Bee Cause Bush Honey Squeeze",
    "url": "https://www.woolworths.com.au/shop/productdetails/438612",
    "img": "https://cdn0.woolworths.media/content/wowproductimages/medium/438612.jpg",
    "price": 8,
    "quantity": 0.4,
    "unitPrice": 20
  },
  {
    "name": "Carman's Deluxe Muesli Almond & Maple",
    "url": "https://www.woolworths.com.au/shop/productdetails/64137",
    "img": "https://cdn0.woolworths.media/content/wowproductimages/medium/064137.jpg",
    "price": 8,
    "quantity": 0.4,
    "unitPrice": 20
  },
  {
    "name": "Dairylea Cheddar Cheese",
    "url": "https://www.woolworths.com.au/shop/productdetails/33497",
    "img": "https://cdn0.woolworths.media/content/wowproductimages/medium/033497.jpg",
    "price": 5,
    "quantity": 0.25,
    "unitPrice": 20
  },
  {
    "name": "Maggi Bowl Meals Asian Style Teriyaki Bowl",
    "url": "https://www.woolworths.com.au/shop/productdetails/283826",
    "img": "https://cdn0.woolworths.media/content/wowproductimages/medium/283826.jpg",
    "price": 3,
    "quantity": 0.15,
    "unitPrice": 20
  },
  {
    "name": "Maggi Bowl Meals Smoky Bbq Bowl",
    "url": "https://www.woolworths.com.au/shop/productdetails/282622",
    "img": "https://cdn0.woolworths.media/content/wowproductimages/medium/282622.jpg",
    "price": 3,
    "quantity": 0.15,
    "unitPrice": 20
  },
  {
    "name": "Maggi Bowl Meals Mexican Style Burrito Bowl",
    "url": "https://www.woolworths.com.au/shop/productdetails/283834",
    "img": "https://cdn0.woolworths.media/content/wowproductimages/medium/283834.jpg",
    "price": 3,
    "quantity": 0.15,
    "unitPrice": 20
  },
  {
    "name": "Maggi Stir Fry Asian Style Teriyaki Sesame Flavour",
    "url": "https://www.woolworths.com.au/shop/productdetails/748338",
    "img": "https://cdn0.woolworths.media/content/wowproductimages/medium/748338.jpg",
    "price": 3,
    "quantity": 0.15,
    "unitPrice": 20
  },
  {
    "name": "Maggi Stir Fry Honey Soy Garlic Flavour",
    "url": "https://www.woolworths.com.au/shop/productdetails/748363",
    "img": "https://cdn0.woolworths.media/content/wowproductimages/medium/748363.jpg",
    "price": 3,
    "quantity": 0.15,
    "unitPrice": 20
  },
  {
    "name": "Maggi Stir Fry Chinese Sticky Bbq Flavour",
    "url": "https://www.woolworths.com.au/shop/productdetails/777844",
    "img": "https://cdn0.woolworths.media/content/wowproductimages/medium/777844.jpg",
    "price": 3,
    "quantity": 0.15,
    "unitPrice": 20
  },
  {
    "name": "Beerenberg Tomato Sauce",
    "url": "https://www.woolworths.com.au/shop/productdetails/9297",
    "img": "https://cdn0.woolworths.media/content/wowproductimages/medium/009297.jpg",
    "price": 6,
    "quantity": 0.3,
    "unitPrice": 20
  },
  {
    "name": "Yeo's Satay Sauce Satay Bbq",
    "url": "https://www.woolworths.com.au/shop/productdetails/38339",
    "img": "https://cdn0.woolworths.media/content/wowproductimages/medium/038339.jpg",
    "price": 5,
    "quantity": 0.25,
    "unitPrice": 20
  },
  {
    "name": "Lee Kum Kee Sauce Mongolian Lamb Ready",
    "url": "https://www.woolworths.com.au/shop/productdetails/180527",
    "img": "https://cdn0.woolworths.media/content/wowproductimages/medium/180527.jpg",
    "price": 2.4,
    "quantity": 0.12,
    "unitPrice": 20
  },
  {
    "name": "Lee Kum Kee Sauce Chicken And Honey Soy",
    "url": "https://www.woolworths.com.au/shop/productdetails/702293",
    "img": "https://cdn0.woolworths.media/content/wowproductimages/medium/702293.jpg",
    "price": 2.4,
    "quantity": 0.12,
    "unitPrice": 20
  },
  {
    "name": "Lee Kum Kee Soy Sauce",
    "url": "https://www.woolworths.com.au/shop/productdetails/152363",
    "img": "https://cdn0.woolworths.media/content/wowproductimages/medium/152363.jpg",
    "price": 3,
    "quantity": 0.15,
    "unitPrice": 20
  },
  {
    "name": "Lee Kum Kee Cantonese Chicken Ready Sauce",
    "url": "https://www.woolworths.com.au/shop/productdetails/15226",
    "img": "https://cdn0.woolworths.media/content/wowproductimages/medium/015226.jpg",
    "price": 2.4,
    "quantity": 0.12,
    "unitPrice": 20
  },
  {
    "name": "Byron Bay Chilli Co. Chilli Sauce Green Jalapeno",
    "url": "https://www.woolworths.com.au/shop/productdetails/370947",
    "img": "https://cdn0.woolworths.media/content/wowproductimages/medium/370947.jpg",
    "price": 5,
    "quantity": 0.25,
    "unitPrice": 20
  },
  {
    "name": "Wokka Stir Fry Sauce Honey Soy",
    "url": "https://www.woolworths.com.au/shop/productdetails/333412",
    "img": "https://cdn0.woolworths.media/content/wowproductimages/medium/333412.jpg",
    "price": 3.5,
    "quantity": 0.175,
    "unitPrice": 20
  },
  {
    "name": "Beerenberg Bbq Sauce",
    "url": "https://www.woolworths.com.au/shop/productdetails/27189",
    "img": "https://cdn0.woolworths.media/content/wowproductimages/medium/027189.jpg",
    "price": 6,
    "quantity": 0.3,
    "unitPrice": 20
  },
  {
    "name": "Byron Bay Chilli Co. Chilli Sauce Fiery Coconut",
    "url": "https://www.woolworths.com.au/shop/productdetails/215154",
    "img": "https://cdn0.woolworths.media/content/wowproductimages/medium/215154.jpg",
    "price": 5,
    "quantity": 0.25,
    "unitPrice": 20
  },
  {
    "name": "Wokka Stir Fry Sauce Teriyaki",
    "url": "https://www.woolworths.com.au/shop/productdetails/333267",
    "img": "https://cdn0.woolworths.media/content/wowproductimages/medium/333267.jpg",
    "price": 3.5,
    "quantity": 0.175,
    "unitPrice": 20
  },
  {
    "name": "Wokka Stir Fry Sauce Thai Basil",
    "url": "https://www.woolworths.com.au/shop/productdetails/330857",
    "img": "https://cdn0.woolworths.media/content/wowproductimages/medium/330857.jpg",
    "price": 3.5,
    "quantity": 0.175,
    "unitPrice": 20
  },
  {
    "name": "Essentials Parmesan Cheese",
    "url": "https://www.woolworths.com.au/shop/productdetails/325134",
    "img": "https://cdn0.woolworths.media/content/wowproductimages/medium/325134.jpg",
    "price": 2,
    "quantity": 0.1,
    "unitPrice": 20
  },
  {
    "name": "Noshu 99% Sugar Free Fudgy Brownies Mix",
    "url": "https://www.woolworths.com.au/shop/productdetails/805313",
    "img": "https://cdn0.woolworths.media/content/wowproductimages/medium/805313.jpg",
    "price": 6,
    "quantity": 0.3,
    "unitPrice": 20
  },
  {
    "name": "Noshu 98% Sugar Free Choc Chip Bake Mix",
    "url": "https://www.woolworths.com.au/shop/productdetails/108479",
    "img": "https://cdn0.woolworths.media/content/wowproductimages/medium/108479.jpg",
    "price": 6,
    "quantity": 0.3,
    "unitPrice": 20
  },
  {
    "name": "Cadbury Baking Milk Chocolate Chips",
    "url": "https://www.woolworths.com.au/shop/productdetails/829004",
    "img": "https://cdn0.woolworths.media/content/wowproductimages/medium/829004.jpg",
    "price": 4,
    "quantity": 0.2,
    "unitPrice": 20
  },
  {
    "name": "Cadbury Baking Dark Chocolate Chips",
    "url": "https://www.woolworths.com.au/shop/productdetails/828994",
    "img": "https://cdn0.woolworths.media/content/wowproductimages/medium/828994.jpg",
    "price": 4,
    "quantity": 0.2,
    "unitPrice": 20
  },
  {
    "name": "Cadbury Baking White Chocolate Chips",
    "url": "https://www.woolworths.com.au/shop/productdetails/490219",
    "img": "https://cdn0.woolworths.media/content/wowproductimages/medium/490219.jpg",
    "price": 4,
    "quantity": 0.2,
    "unitPrice": 20
  },
  {
    "name": "White Wings Donut Bites",
    "url": "https://www.woolworths.com.au/shop/productdetails/682304",
    "img": "https://cdn0.woolworths.media/content/wowproductimages/medium/682304.jpg",
    "price": 5,
    "quantity": 0.25,
    "unitPrice": 20
  },
  {
    "name": "Sshmallows White Mini Marshmallows",
    "url": "https://www.woolworths.com.au/shop/productdetails/491355",
    "img": "https://cdn0.woolworths.media/content/wowproductimages/medium/491355.jpg",
    "price": 2,
    "quantity": 0.1,
    "unitPrice": 20
  },
  {
    "name": "Dollar Sweets Decoration Rainbow Poppng Topping",
    "url": "https://www.woolworths.com.au/shop/productdetails/773744",
    "img": "https://cdn0.woolworths.media/content/wowproductimages/medium/773744.jpg",
    "price": 3,
    "quantity": 0.15,
    "unitPrice": 20
  },
  {
    "name": "Sshmallows Cake Decoration Mallows Mini Assorted",
    "url": "https://www.woolworths.com.au/shop/productdetails/307853",
    "img": "https://cdn0.woolworths.media/content/wowproductimages/medium/307853.jpg",
    "price": 2,
    "quantity": 0.1,
    "unitPrice": 20
  },
  {
    "name": "Dollar Sweets Sprinkles Fives",
    "url": "https://www.woolworths.com.au/shop/productdetails/33364",
    "img": "https://cdn0.woolworths.media/content/wowproductimages/medium/033364.jpg",
    "price": 2.5,
    "quantity": 0.125,
    "unitPrice": 20
  },
  {
    "name": "Ocean Spray Craisins Reduced Sugar",
    "url": "https://www.woolworths.com.au/shop/productdetails/456578",
    "img": "https://cdn0.woolworths.media/content/wowproductimages/medium/456578.jpg",
    "price": 3,
    "quantity": 0.15,
    "unitPrice": 20
  },
  {
    "name": "Woolworths Walnuts Californian",
    "url": "https://www.woolworths.com.au/shop/productdetails/726360",
    "img": "https://cdn0.woolworths.media/content/wowproductimages/medium/726360.jpg",
    "price": 9,
    "quantity": 0.45,
    "unitPrice": 20
  },
  {
    "name": "Macro Organic Desiccated Coconut",
    "url": "https://www.woolworths.com.au/shop/productdetails/188997",
    "img": "https://cdn0.woolworths.media/content/wowproductimages/medium/188997.jpg",
    "price": 5,
    "quantity": 0.25,
    "unitPrice": 20
  },
  {
    "name": "Angas Park Soft & Juice Pitted Prunes",
    "url": "https://www.woolworths.com.au/shop/productdetails/235901",
    "img": "https://cdn0.woolworths.media/content/wowproductimages/medium/235901.jpg",
    "price": 5,
    "quantity": 0.25,
    "unitPrice": 20
  },
  {
    "name": "Woolworths Uncrystallised Ginger",
    "url": "https://www.woolworths.com.au/shop/productdetails/815878",
    "img": "https://cdn0.woolworths.media/content/wowproductimages/medium/815878.jpg",
    "price": 3,
    "quantity": 0.15,
    "unitPrice": 20
  },
  {
    "name": "Angas Park Fruit Mix Salad",
    "url": "https://www.woolworths.com.au/shop/productdetails/57242",
    "img": "https://cdn0.woolworths.media/content/wowproductimages/medium/057242.jpg",
    "price": 10,
    "quantity": 0.5,
    "unitPrice": 20
  },
  {
    "name": "Angas Park Soft N' Juicy Figs Soft N Juicy",
    "url": "https://www.woolworths.com.au/shop/productdetails/229894",
    "img": "https://cdn0.woolworths.media/content/wowproductimages/medium/229894.jpg",
    "price": 5,
    "quantity": 0.25,
    "unitPrice": 20
  },
  {
    "name": "Orange Marmalade",
    "url": "https://www.coles.com.au/product/st-dalfour-orange-marmalade-284g-5704317",
    "img": "https://productimages.coles.com.au/productimages/5/5704317.jpg",
    "price": 5.7,
    "quantity": 0.284,
    "unitPrice": 20.1
  },
  {
    "name": "Red Raspberry Spread",
    "url": "https://www.coles.com.au/product/st-dalfour-red-raspberry-spread-284g-5704350",
    "img": "https://productimages.coles.com.au/productimages/5/5704350.jpg",
    "price": 5.7,
    "quantity": 0.284,
    "unitPrice": 20.1
  },
  {
    "name": "Strawberry Spread",
    "url": "https://www.coles.com.au/product/st-dalfour-strawberry-spread-284g-5704372",
    "img": "https://productimages.coles.com.au/productimages/5/5704372.jpg",
    "price": 5.7,
    "quantity": 0.284,
    "unitPrice": 20.1
  },
  {
    "name": "Thick Apricot Spread",
    "url": "https://www.coles.com.au/product/st-dalfour-thick-apricot-spread-284g-5704394",
    "img": "https://productimages.coles.com.au/productimages/5/5704394.jpg",
    "price": 5.7,
    "quantity": 0.284,
    "unitPrice": 20.1
  },
  {
    "name": "Wild Blueberry Spread",
    "url": "https://www.coles.com.au/product/st-dalfour-wild-blueberry-spread-284g-5704420",
    "img": "https://productimages.coles.com.au/productimages/5/5704420.jpg",
    "price": 5.7,
    "quantity": 0.284,
    "unitPrice": 20.1
  },
  {
    "name": "Vegetable Stock Pot",
    "url": "https://www.coles.com.au/product/continental-vegetable-stock-pot-112g-8392946",
    "img": "https://productimages.coles.com.au/productimages/8/8392946.jpg",
    "price": 2.25,
    "quantity": 0.112,
    "unitPrice": 20.1
  },
  {
    "name": "Proud & Punch Caramel Date Night 6 Pack",
    "url": "https://www.coles.com.au/product/proud-&-punch-proud-&-punch-caramel-date-night-6-pack-420ml-4469164",
    "img": "https://productimages.coles.com.au/productimages/4/4469164.jpg",
    "price": 8.5,
    "quantity": 0.42,
    "unitPrice": 20.2
  },
  {
    "name": "Ayam Pure Sesame Oil",
    "url": "https://www.woolworths.com.au/shop/productdetails/626894",
    "img": "https://cdn0.woolworths.media/content/wowproductimages/medium/626894.jpg",
    "price": 8.5,
    "quantity": 0.42,
    "unitPrice": 20.2
  },
  {
    "name": "Cheerios Multigrain Cereal",
    "url": "https://www.coles.com.au/product/uncle-tobys-cheerios-multigrain-cereal-320g-1175134",
    "img": "https://productimages.coles.com.au/productimages/1/1175134.jpg",
    "price": 6.5,
    "quantity": 0.32,
    "unitPrice": 20.3
  },
  {
    "name": "Oats Delicious Blends Blueberry & Coconut",
    "url": "https://www.coles.com.au/product/uncle-tobys-oats-delicious-blends-blueberry-&-coconut-320g-4965315",
    "img": "https://productimages.coles.com.au/productimages/4/4965315.jpg",
    "price": 6.5,
    "quantity": 0.32,
    "unitPrice": 20.3
  },
  {
    "name": "Macadamia 320g",
    "url": "https://www.coles.com.au/product/uncle-tobys-blends-mango-macadamia-320g-320g-6152726",
    "img": "https://productimages.coles.com.au/productimages/6/6152726.jpg",
    "price": 6.5,
    "quantity": 0.32,
    "unitPrice": 20.3
  },
  {
    "name": "Cranberry 320g",
    "url": "https://www.coles.com.au/product/uncle-tobys-blends-raisin-cranberry-320g-320g-6153263",
    "img": "https://productimages.coles.com.au/productimages/6/6153263.jpg",
    "price": 6.5,
    "quantity": 0.32,
    "unitPrice": 20.3
  },
  {
    "name": "Singapore Noodles Kit",
    "url": "https://www.coles.com.au/product/marion's-kitchen-singapore-noodles-kit-419g-5368195",
    "img": "https://productimages.coles.com.au/productimages/5/5368195.jpg",
    "price": 8.5,
    "quantity": 0.419,
    "unitPrice": 20.3
  },
  {
    "name": "Singapore Noodles Kit",
    "url": "https://www.coles.com.au/product/marion's-kitchen-singapore-noodles-kit-419g-5368195",
    "img": "https://productimages.coles.com.au/productimages/5/5368195.jpg",
    "price": 8.5,
    "quantity": 0.419,
    "unitPrice": 20.3
  },
  {
    "name": "Beef Bolognese",
    "url": "https://www.coles.com.au/product/weight-watchers-beef-bolognese-320g-3581533",
    "img": "https://productimages.coles.com.au/productimages/3/3581533.jpg",
    "price": 6.5,
    "quantity": 0.32,
    "unitPrice": 20.3
  },
  {
    "name": "Snap Frozen Mushroom & Pumpkin Risotto",
    "url": "https://www.coles.com.au/product/weight-watchers-snap-frozen-mushroom-&-pumpkin-risotto-320g-3581544",
    "img": "https://productimages.coles.com.au/productimages/3/3581544.jpg",
    "price": 6.5,
    "quantity": 0.32,
    "unitPrice": 20.3
  },
  {
    "name": "Frozen Creamy Tuna Bake Meal",
    "url": "https://www.coles.com.au/product/weight-watchers-frozen-creamy-tuna-bake-meal-320g-5006762",
    "img": "https://productimages.coles.com.au/productimages/5/5006762.jpg",
    "price": 6.5,
    "quantity": 0.32,
    "unitPrice": 20.3
  },
  {
    "name": "I'M Free From Spinach & Ricotta Roll",
    "url": "https://www.coles.com.au/product/coles-i'm-free-from-spinach-&-ricotta-roll-320g-5101286",
    "img": "https://productimages.coles.com.au/productimages/5/5101286.jpg",
    "price": 6.5,
    "quantity": 0.32,
    "unitPrice": 20.3
  },
  {
    "name": "Woolworths Ricotta & Spinach Cannelloni Chilled Meal",
    "url": "https://www.woolworths.com.au/shop/productdetails/827226",
    "img": "https://cdn0.woolworths.media/content/wowproductimages/medium/827226.jpg",
    "price": 14.2,
    "quantity": 0.7,
    "unitPrice": 20.3
  },
  {
    "name": "Mug Shot Tomato & Herb Pasta",
    "url": "https://www.woolworths.com.au/shop/productdetails/108509",
    "img": "https://cdn0.woolworths.media/content/wowproductimages/medium/108509.jpg",
    "price": 1.3,
    "quantity": 0.064,
    "unitPrice": 20.3
  },
  {
    "name": "Uncle Tobys Oat Delicious Blends Raspberry Almond Vanilla Porridge",
    "url": "https://www.woolworths.com.au/shop/productdetails/148265",
    "img": "https://cdn0.woolworths.media/content/wowproductimages/medium/148265.jpg",
    "price": 6.5,
    "quantity": 0.32,
    "unitPrice": 20.3
  },
  {
    "name": "Uncle Tobys Oats Delicious Blends Blueberry & Coconut Porridge",
    "url": "https://www.woolworths.com.au/shop/productdetails/197229",
    "img": "https://cdn0.woolworths.media/content/wowproductimages/medium/197229.jpg",
    "price": 6.5,
    "quantity": 0.32,
    "unitPrice": 20.3
  },
  {
    "name": "Uncle Tobys Rolled Oats Delicious Blends Queensland Mango & Macadamia",
    "url": "https://www.woolworths.com.au/shop/productdetails/275132",
    "img": "https://cdn0.woolworths.media/content/wowproductimages/medium/275132.jpg",
    "price": 6.5,
    "quantity": 0.32,
    "unitPrice": 20.3
  },
  {
    "name": "Capilano 100% Pure Australian Honey Yellow Box Squeeze",
    "url": "https://www.woolworths.com.au/shop/productdetails/59973",
    "img": "https://cdn0.woolworths.media/content/wowproductimages/medium/059973.jpg",
    "price": 6.9,
    "quantity": 0.34,
    "unitPrice": 20.3
  },
  {
    "name": "Marinated Danish Fetta",
    "url": "https://www.coles.com.au/product/coles-marinated-danish-fetta-300g-2466450",
    "img": "https://productimages.coles.com.au/productimages/2/2466450.jpg",
    "price": 6.1,
    "quantity": 0.3,
    "unitPrice": 20.33
  },
  {
    "name": "Greek Style Coconut Yoghurt",
    "url": "https://www.coles.com.au/product/easiyo-greek-style-coconut-yoghurt-240g-2745293",
    "img": "https://productimages.coles.com.au/productimages/2/2745293.jpg",
    "price": 4.9,
    "quantity": 0.24,
    "unitPrice": 20.4
  },
  {
    "name": "Natural Sweetner Granules Tub",
    "url": "https://www.coles.com.au/product/truvia-natural-sweetner-granules-tub-270g-4823321",
    "img": "https://productimages.coles.com.au/productimages/4/4823321.jpg",
    "price": 5.5,
    "quantity": 0.27,
    "unitPrice": 20.4
  },
  {
    "name": "Hazelnut Nougat Wafers",
    "url": "https://www.coles.com.au/product/kras-hazelnut-nougat-wafers-93g-6545365",
    "img": "https://productimages.coles.com.au/productimages/6/6545365.jpg",
    "price": 1.9,
    "quantity": 0.093,
    "unitPrice": 20.4
  },
  {
    "name": "Chocolate Cream Wafers",
    "url": "https://www.coles.com.au/product/kras-chocolate-cream-wafers-93g-6545387",
    "img": "https://productimages.coles.com.au/productimages/6/6545387.jpg",
    "price": 1.9,
    "quantity": 0.093,
    "unitPrice": 20.4
  },
  {
    "name": "Frozen Desserts Salted Caramel 4 pack",
    "url": "https://www.coles.com.au/product/yopro-frozen-desserts-salted-caramel-4-pack-540ml-4848130",
    "img": "https://productimages.coles.com.au/productimages/4/4848130.jpg",
    "price": 11,
    "quantity": 0.54,
    "unitPrice": 20.4
  },
  {
    "name": "Frozen Dessert Mint Chocolate 4 pack",
    "url": "https://www.coles.com.au/product/yopro-frozen-dessert-mint-chocolate-4-pack-540ml-4848275",
    "img": "https://productimages.coles.com.au/productimages/4/4848275.jpg",
    "price": 11,
    "quantity": 0.54,
    "unitPrice": 20.4
  },
  {
    "name": "Frozen Dessert Cream & Berries 4 pack",
    "url": "https://www.coles.com.au/product/yopro-frozen-dessert-cream-&-berries-4-pack-540ml-4848286",
    "img": "https://productimages.coles.com.au/productimages/4/4848286.jpg",
    "price": 11,
    "quantity": 0.54,
    "unitPrice": 20.4
  },
  {
    "name": "Frozen Desserts Chocolate Mocha 4 pack",
    "url": "https://www.coles.com.au/product/yopro-frozen-desserts-chocolate-mocha-4-pack-540ml-4848300",
    "img": "https://productimages.coles.com.au/productimages/4/4848300.jpg",
    "price": 11,
    "quantity": 0.54,
    "unitPrice": 20.4
  },
  {
    "name": "Frozen Meat Free Cheese & Spinach Schnitzels",
    "url": "https://www.coles.com.au/product/quorn-frozen-meat-free-cheese-&-spinach-schnitzels-240g-7642731",
    "img": "https://productimages.coles.com.au/productimages/7/7642731.jpg",
    "price": 4.9,
    "quantity": 0.24,
    "unitPrice": 20.4
  },
  {
    "name": "Vegemite Cheesy Bite Spread",
    "url": "https://www.woolworths.com.au/shop/productdetails/333060",
    "img": "https://cdn0.woolworths.media/content/wowproductimages/medium/333060.jpg",
    "price": 5.5,
    "quantity": 0.27,
    "unitPrice": 20.4
  },
  {
    "name": "Kabana",
    "url": "https://www.coles.com.au/product/coles-deli-express-kabana-220g-3465543",
    "img": "https://productimages.coles.com.au/productimages/3/3465543.jpg",
    "price": 4.5,
    "quantity": 0.22,
    "unitPrice": 20.45
  },
  {
    "name": "Perfection Freshly Cut Watermelon & Mint",
    "url": "https://www.woolworths.com.au/shop/productdetails/880303",
    "img": "https://cdn0.woolworths.media/content/wowproductimages/medium/880303.jpg",
    "price": 4.5,
    "quantity": 0.22,
    "unitPrice": 20.45
  },
  {
    "name": "52 Spicy Hot Pot Base",
    "url": "https://www.coles.com.au/product/de-zhujang-52-spicy-hot-pot-base-220g-6159260",
    "img": "https://productimages.coles.com.au/productimages/6/6159260.jpg",
    "price": 4.5,
    "quantity": 0.22,
    "unitPrice": 20.5
  },
  {
    "name": "Chilli Oil Hot",
    "url": "https://www.coles.com.au/product/laoganma-chilli-oil-hot-210g-2484644",
    "img": "https://productimages.coles.com.au/productimages/2/2484644.jpg",
    "price": 4.3,
    "quantity": 0.21,
    "unitPrice": 20.5
  },
  {
    "name": "Red Curry Paste",
    "url": "https://www.coles.com.au/product/valcom-red-curry-paste-210g-6823151",
    "img": "https://productimages.coles.com.au/productimages/6/6823151.jpg",
    "price": 4.3,
    "quantity": 0.21,
    "unitPrice": 20.5
  },
  {
    "name": "Tom Yum Paste",
    "url": "https://www.coles.com.au/product/valcom-tom-yum-paste-210g-6823344",
    "img": "https://productimages.coles.com.au/productimages/6/6823344.jpg",
    "price": 4.3,
    "quantity": 0.21,
    "unitPrice": 20.5
  },
  {
    "name": "Massaman Curry Paste",
    "url": "https://www.coles.com.au/product/valcom-massaman-curry-paste-210g-6823377",
    "img": "https://productimages.coles.com.au/productimages/6/6823377.jpg",
    "price": 4.3,
    "quantity": 0.21,
    "unitPrice": 20.5
  },
  {
    "name": "Green Curry Paste",
    "url": "https://www.coles.com.au/product/valcom-green-curry-paste-210g-6823413",
    "img": "https://productimages.coles.com.au/productimages/6/6823413.jpg",
    "price": 4.3,
    "quantity": 0.21,
    "unitPrice": 20.5
  },
  {
    "name": "Panaeng Curry Paste",
    "url": "https://www.coles.com.au/product/valcom-panaeng-curry-paste-210g-6823683",
    "img": "https://productimages.coles.com.au/productimages/6/6823683.jpg",
    "price": 4.3,
    "quantity": 0.21,
    "unitPrice": 20.5
  },
  {
    "name": "Massaman Curry Paste",
    "url": "https://www.coles.com.au/product/ayam-massaman-curry-paste-195g-2001445",
    "img": "https://productimages.coles.com.au/productimages/2/2001445.jpg",
    "price": 4,
    "quantity": 0.195,
    "unitPrice": 20.5
  },
  {
    "name": "Thai Red Curry Paste",
    "url": "https://www.coles.com.au/product/ayam-thai-red-curry-paste-195g-6801057",
    "img": "https://productimages.coles.com.au/productimages/6/6801057.jpg",
    "price": 4,
    "quantity": 0.195,
    "unitPrice": 20.5
  },
  {
    "name": "Thai Green Curry Paste",
    "url": "https://www.coles.com.au/product/ayam-thai-green-curry-paste-195g-6801068",
    "img": "https://productimages.coles.com.au/productimages/6/6801068.jpg",
    "price": 4,
    "quantity": 0.195,
    "unitPrice": 20.5
  },
  {
    "name": "Taco Kit Mexican Style",
    "url": "https://www.coles.com.au/product/old-el-paso-taco-kit-mexican-style-290g-291457",
    "img": "https://productimages.coles.com.au/productimages/2/291457.jpg",
    "price": 5.95,
    "quantity": 0.29,
    "unitPrice": 20.5
  },
  {
    "name": "Lil Pizza Cheesy Margherita",
    "url": "https://www.coles.com.au/product/mccain-lil-pizza-cheesy-margherita-380g-4654280",
    "img": "https://productimages.coles.com.au/productimages/4/4654280.jpg",
    "price": 7.8,
    "quantity": 0.38,
    "unitPrice": 20.5
  },
  {
    "name": "Nutella Hazelnut Chocolate Spread Spread",
    "url": "https://www.woolworths.com.au/shop/productdetails/187099",
    "img": "https://cdn0.woolworths.media/content/wowproductimages/medium/187099.jpg",
    "price": 4.5,
    "quantity": 0.22,
    "unitPrice": 20.5
  },
  {
    "name": "Woolworths Potato Bacon Bake",
    "url": "https://www.woolworths.com.au/shop/productdetails/581283",
    "img": "https://cdn0.woolworths.media/content/wowproductimages/medium/581283.jpg",
    "price": 13.3,
    "quantity": 0.65,
    "unitPrice": 20.5
  },
  {
    "name": "Lao Gan Ma Chili In Oil",
    "url": "https://www.woolworths.com.au/shop/productdetails/684011",
    "img": "https://cdn0.woolworths.media/content/wowproductimages/medium/684011.jpg",
    "price": 4.3,
    "quantity": 0.21,
    "unitPrice": 20.5
  },
  {
    "name": "Thai Panang Curry Paste",
    "url": "https://www.coles.com.au/product/ayam-thai-panang-curry-paste-195g-2001434",
    "img": "https://productimages.coles.com.au/productimages/2/2001434.jpg",
    "price": 4,
    "quantity": 0.195,
    "unitPrice": 20.51
  },
  {
    "name": "Peppercorn Extra Lean Beef Bbq Pack",
    "url": "https://www.woolworths.com.au/shop/productdetails/385441",
    "img": "https://cdn0.woolworths.media/content/wowproductimages/medium/385441.jpg",
    "price": 12,
    "quantity": 0.585,
    "unitPrice": 20.51
  },
  {
    "name": "Pretzel Peanut Butter Nugget",
    "url": "https://www.coles.com.au/product/market-lane-pretzel-peanut-butter-nugget-730g-5613620",
    "img": "https://productimages.coles.com.au/productimages/5/5613620.jpg",
    "price": 15,
    "quantity": 0.73,
    "unitPrice": 20.55
  },
  {
    "name": "John West Protein+ Vitamin B12 Tuna Bowl Couscous Brown Rice Onion",
    "url": "https://www.woolworths.com.au/shop/productdetails/167239",
    "img": "https://cdn0.woolworths.media/content/wowproductimages/medium/167239.jpg",
    "price": 3.5,
    "quantity": 0.17,
    "unitPrice": 20.59
  },
  {
    "name": "John West Protein+ Iron Tuna Bowl Capsicum Kidney Bean Chickpeas",
    "url": "https://www.woolworths.com.au/shop/productdetails/167165",
    "img": "https://cdn0.woolworths.media/content/wowproductimages/medium/167165.jpg",
    "price": 3.5,
    "quantity": 0.17,
    "unitPrice": 20.59
  },
  {
    "name": "John West Protein+ Mag Tuna Bowl Brown Rice, Corn, Black Beans Chilli",
    "url": "https://www.woolworths.com.au/shop/productdetails/167376",
    "img": "https://cdn0.woolworths.media/content/wowproductimages/medium/167376.jpg",
    "price": 3.5,
    "quantity": 0.17,
    "unitPrice": 20.59
  },
  {
    "name": "John West Protein+ Vitamin E Tuna Bowl Red Rice Lemongrass& Chickpeas",
    "url": "https://www.woolworths.com.au/shop/productdetails/167166",
    "img": "https://cdn0.woolworths.media/content/wowproductimages/medium/167166.jpg",
    "price": 3.5,
    "quantity": 0.17,
    "unitPrice": 20.59
  },
  {
    "name": "Moo Greek Style Yoghurt & Granola Honey",
    "url": "https://www.woolworths.com.au/shop/productdetails/243895",
    "img": "https://cdn0.woolworths.media/content/wowproductimages/medium/243895.jpg",
    "price": 3.5,
    "quantity": 0.17,
    "unitPrice": 20.6
  },
  {
    "name": "Moo Greek Style Yoghurt & Granola Vanilla Bean",
    "url": "https://www.woolworths.com.au/shop/productdetails/243822",
    "img": "https://cdn0.woolworths.media/content/wowproductimages/medium/243822.jpg",
    "price": 3.5,
    "quantity": 0.17,
    "unitPrice": 20.6
  },
  {
    "name": "Moo Greek Style Yoghurt & Granola Strawberry",
    "url": "https://www.woolworths.com.au/shop/productdetails/243852",
    "img": "https://cdn0.woolworths.media/content/wowproductimages/medium/243852.jpg",
    "price": 3.5,
    "quantity": 0.17,
    "unitPrice": 20.6
  },
  {
    "name": "Moo Greek Style Yoghurt & Granola Blueberry",
    "url": "https://www.woolworths.com.au/shop/productdetails/243783",
    "img": "https://cdn0.woolworths.media/content/wowproductimages/medium/243783.jpg",
    "price": 3.5,
    "quantity": 0.17,
    "unitPrice": 20.6
  },
  {
    "name": "Continental Classics Pasta & Sauce Macaroni Cheese Family Pack",
    "url": "https://www.woolworths.com.au/shop/productdetails/230975",
    "img": "https://cdn0.woolworths.media/content/wowproductimages/medium/230975.jpg",
    "price": 3.5,
    "quantity": 0.17,
    "unitPrice": 20.6
  },
  {
    "name": "Beechwood Smoked Boneless Leg Ham Portion",
    "url": "https://www.coles.com.au/product/coles-beechwood-smoked-boneless-leg-ham-portion-800g-3594091",
    "img": "https://productimages.coles.com.au/productimages/3/3594091.jpg",
    "price": 16.5,
    "quantity": 0.8,
    "unitPrice": 20.63
  },
  {
    "name": "Beechwood Smoked Boneless Leg Ham Portion",
    "url": "https://www.coles.com.au/product/coles-beechwood-smoked-boneless-leg-ham-portion-800g-3594091",
    "img": "https://productimages.coles.com.au/productimages/3/3594091.jpg",
    "price": 16.5,
    "quantity": 0.8,
    "unitPrice": 20.63
  },
  {
    "name": "Middle Bacon",
    "url": "https://www.coles.com.au/product/primo-middle-bacon-750g-4258996",
    "img": "https://productimages.coles.com.au/productimages/4/4258996.jpg",
    "price": 15.5,
    "quantity": 0.75,
    "unitPrice": 20.67
  },
  {
    "name": "Meat Free Popcorn Chicken",
    "url": "https://www.coles.com.au/product/frys-meat-free-popcorn-chicken-290g-5151036",
    "img": "https://productimages.coles.com.au/productimages/5/5151036.jpg",
    "price": 6,
    "quantity": 0.29,
    "unitPrice": 20.69
  },
  {
    "name": "Shredded Ham From The Deli",
    "url": "https://www.coles.com.au/product/don-shredded-ham-from-the-deli-approx.-100g-3087355",
    "img": "https://productimages.coles.com.au/productimages/3/3087355.jpg",
    "price": 2.07,
    "quantity": 0.1,
    "unitPrice": 20.7
  },
  {
    "name": "Raw Sugar Sticks",
    "url": "https://www.coles.com.au/product/csr-raw-sugar-sticks-150g-2911701",
    "img": "https://productimages.coles.com.au/productimages/2/2911701.jpg",
    "price": 3.1,
    "quantity": 0.15,
    "unitPrice": 20.7
  },
  {
    "name": "Nutri-Grain Oak Choc Malt",
    "url": "https://www.coles.com.au/product/kelloggs-nutri-grain-oak-choc-malt-435g-5884649",
    "img": "https://productimages.coles.com.au/productimages/5/5884649.jpg",
    "price": 9,
    "quantity": 0.435,
    "unitPrice": 20.7
  },
  {
    "name": "Original Wine Gums Mini",
    "url": "https://www.coles.com.au/product/maynards-original-wine-gums-mini-75g-6920045",
    "img": "https://productimages.coles.com.au/productimages/6/6920045.jpg",
    "price": 1.55,
    "quantity": 0.075,
    "unitPrice": 20.7
  },
  {
    "name": "Frozen  Strawberry Cheesecake",
    "url": "https://www.coles.com.au/product/sara-lee-frozen--strawberry-cheesecake-410g-6125891",
    "img": "https://productimages.coles.com.au/productimages/6/6125891.jpg",
    "price": 8.5,
    "quantity": 0.41,
    "unitPrice": 20.7
  },
  {
    "name": "Woolworths Happy Birthday Chocolate Drip Cake",
    "url": "https://www.woolworths.com.au/shop/productdetails/250636",
    "img": "https://cdn0.woolworths.media/content/wowproductimages/medium/250636.jpg",
    "price": 29,
    "quantity": 1.4,
    "unitPrice": 20.7
  },
  {
    "name": "Galiko All Natural Garlic Minced Jar",
    "url": "https://www.woolworths.com.au/shop/productdetails/185243",
    "img": "https://cdn0.woolworths.media/content/wowproductimages/medium/185243.jpg",
    "price": 3,
    "quantity": 0.145,
    "unitPrice": 20.7
  },
  {
    "name": "Galiko All Natural Ginger Minced Jar",
    "url": "https://www.woolworths.com.au/shop/productdetails/185242",
    "img": "https://cdn0.woolworths.media/content/wowproductimages/medium/185242.jpg",
    "price": 3,
    "quantity": 0.145,
    "unitPrice": 20.7
  },
  {
    "name": "Galiko All Natural Garlic Minced Jar",
    "url": "https://www.woolworths.com.au/shop/productdetails/185243",
    "img": "https://cdn0.woolworths.media/content/wowproductimages/medium/185243.jpg",
    "price": 3,
    "quantity": 0.145,
    "unitPrice": 20.7
  },
  {
    "name": "Galiko All Natural Ginger Minced Jar",
    "url": "https://www.woolworths.com.au/shop/productdetails/185242",
    "img": "https://cdn0.woolworths.media/content/wowproductimages/medium/185242.jpg",
    "price": 3,
    "quantity": 0.145,
    "unitPrice": 20.7
  },
  {
    "name": "Mckenzie's Himalayan Pink Rock Salt",
    "url": "https://www.woolworths.com.au/shop/productdetails/111359",
    "img": "https://cdn0.woolworths.media/content/wowproductimages/medium/111359.jpg",
    "price": 8.5,
    "quantity": 0.41,
    "unitPrice": 20.7
  },
  {
    "name": "Fix And Fogg Everything Butter",
    "url": "https://www.woolworths.com.au/shop/productdetails/16677",
    "img": "https://cdn0.woolworths.media/content/wowproductimages/medium/016677.jpg",
    "price": 5.7,
    "quantity": 0.275,
    "unitPrice": 20.7
  },
  {
    "name": "Fix & Fogg Choc Nut Butter Chocolate Spread",
    "url": "https://www.woolworths.com.au/shop/productdetails/326753",
    "img": "https://cdn0.woolworths.media/content/wowproductimages/medium/326753.jpg",
    "price": 5.7,
    "quantity": 0.275,
    "unitPrice": 20.7
  },
  {
    "name": "Fix And Fogg Choc Berry Everything Spread",
    "url": "https://www.woolworths.com.au/shop/productdetails/198685",
    "img": "https://cdn0.woolworths.media/content/wowproductimages/medium/198685.jpg",
    "price": 5.7,
    "quantity": 0.275,
    "unitPrice": 20.7
  },
  {
    "name": "Csr Raw Sugar Sticks",
    "url": "https://www.woolworths.com.au/shop/productdetails/498331",
    "img": "https://cdn0.woolworths.media/content/wowproductimages/medium/498331.jpg",
    "price": 3.1,
    "quantity": 0.15,
    "unitPrice": 20.7
  },
  {
    "name": "Ice Cream Cua Hokey Pokey 4pack",
    "url": "https://www.coles.com.au/product/drumstick-ice-cream-cua-hokey-pokey-4pack-475ml-5764400",
    "img": "https://productimages.coles.com.au/productimages/5/5764400.jpg",
    "price": 9.5,
    "quantity": 0.475,
    "unitPrice": 20.8
  },
  {
    "name": "Onion Bhaji",
    "url": "https://www.coles.com.au/product/sabrini-onion-bhaji-240g-3775132",
    "img": "https://productimages.coles.com.au/productimages/3/3775132.jpg",
    "price": 5,
    "quantity": 0.24,
    "unitPrice": 20.8
  },
  {
    "name": "Mini Potato Kiev Balls With Cheesy Garlic",
    "url": "https://www.coles.com.au/product/coles-mini-potato-kiev-balls-with-cheesy-garlic-240g-5205179",
    "img": "https://productimages.coles.com.au/productimages/5/5205179.jpg",
    "price": 5,
    "quantity": 0.24,
    "unitPrice": 20.8
  },
  {
    "name": "Pasta Vegan & Gluten Free Pumpkin & Ricotta Cannelloni",
    "url": "https://www.coles.com.au/product/tutto-pasta-vegan-&-gluten-free-pumpkin-&-ricotta-cannelloni-300g-4306080",
    "img": "https://productimages.coles.com.au/productimages/4/4306080.jpg",
    "price": 6.25,
    "quantity": 0.3,
    "unitPrice": 20.8
  },
  {
    "name": "Ice Cream Sticks 4 Pack",
    "url": "https://www.coles.com.au/product/violet-crumble-ice-cream-sticks-4-pack-360ml-7020491",
    "img": "https://productimages.coles.com.au/productimages/7/7020491.jpg",
    "price": 7.5,
    "quantity": 0.36,
    "unitPrice": 20.8
  },
  {
    "name": "Pub Size Loaded Parma BBQ Meatlovers",
    "url": "https://www.coles.com.au/product/mccain-pub-size-loaded-parma-bbq-meatlovers-480g-5641363",
    "img": "https://productimages.coles.com.au/productimages/5/5641363.jpg",
    "price": 10,
    "quantity": 0.48,
    "unitPrice": 20.8
  },
  {
    "name": "Pub Size Double Meat Crumbed Lamb",
    "url": "https://www.coles.com.au/product/mccain-pub-size-double-meat-crumbed-lamb-480g-5641385",
    "img": "https://productimages.coles.com.au/productimages/5/5641385.jpg",
    "price": 10,
    "quantity": 0.48,
    "unitPrice": 20.8
  },
  {
    "name": "Paneer Tikka Samosa",
    "url": "https://www.coles.com.au/product/sabrini-paneer-tikka-samosa-600g-3775110",
    "img": "https://productimages.coles.com.au/productimages/3/3775110.jpg",
    "price": 12.5,
    "quantity": 0.6,
    "unitPrice": 20.8
  },
  {
    "name": "Leggo's Fresh Napoli Sauce",
    "url": "https://www.woolworths.com.au/shop/productdetails/618611",
    "img": "https://cdn0.woolworths.media/content/wowproductimages/medium/618611.jpg",
    "price": 5.2,
    "quantity": 0.25,
    "unitPrice": 20.8
  },
  {
    "name": "Leggo's Fresh Creamy Tomato Sauce",
    "url": "https://www.woolworths.com.au/shop/productdetails/618613",
    "img": "https://cdn0.woolworths.media/content/wowproductimages/medium/618613.jpg",
    "price": 5.2,
    "quantity": 0.25,
    "unitPrice": 20.8
  },
  {
    "name": "Leggo's Fresh Bolognese Sauce",
    "url": "https://www.woolworths.com.au/shop/productdetails/618610",
    "img": "https://cdn0.woolworths.media/content/wowproductimages/medium/618610.jpg",
    "price": 5.2,
    "quantity": 0.25,
    "unitPrice": 20.8
  },
  {
    "name": "Western Star Original Butter Block",
    "url": "https://www.woolworths.com.au/shop/productdetails/48025",
    "img": "https://cdn0.woolworths.media/content/wowproductimages/medium/048025.jpg",
    "price": 5.2,
    "quantity": 0.25,
    "unitPrice": 20.8
  },
  {
    "name": "Western Star Chef's Choice Unsalted Butter",
    "url": "https://www.woolworths.com.au/shop/productdetails/224659",
    "img": "https://cdn0.woolworths.media/content/wowproductimages/medium/224659.jpg",
    "price": 5.2,
    "quantity": 0.25,
    "unitPrice": 20.8
  },
  {
    "name": "Western Star Butter Block Unsalted",
    "url": "https://www.woolworths.com.au/shop/productdetails/320271",
    "img": "https://cdn0.woolworths.media/content/wowproductimages/medium/320271.jpg",
    "price": 5.2,
    "quantity": 0.25,
    "unitPrice": 20.8
  },
  {
    "name": "Toscano Waffles Choc Chip",
    "url": "https://www.woolworths.com.au/shop/productdetails/476143",
    "img": "https://cdn0.woolworths.media/content/wowproductimages/medium/476143.jpg",
    "price": 7.5,
    "quantity": 0.36,
    "unitPrice": 20.8
  },
  {
    "name": "Messy Monkeys Choc Crunch Cereal Choch Crunch",
    "url": "https://www.woolworths.com.au/shop/productdetails/63372",
    "img": "https://cdn0.woolworths.media/content/wowproductimages/medium/063372.jpg",
    "price": 5,
    "quantity": 0.24,
    "unitPrice": 20.8
  },
  {
    "name": "Kellogg's Guardian Psyllium Breakfast Cereal",
    "url": "https://www.woolworths.com.au/shop/productdetails/701733",
    "img": "https://cdn0.woolworths.media/content/wowproductimages/medium/701733.jpg",
    "price": 7.5,
    "quantity": 0.36,
    "unitPrice": 20.8
  },
  {
    "name": "Lee Kum Kee Sauce Char Siu",
    "url": "https://www.woolworths.com.au/shop/productdetails/38109",
    "img": "https://cdn0.woolworths.media/content/wowproductimages/medium/038109.jpg",
    "price": 5,
    "quantity": 0.24,
    "unitPrice": 20.8
  },
  {
    "name": "Chicken Garlic Kiev Duet",
    "url": "https://www.coles.com.au/product/ingham's-chicken-garlic-kiev-duet-600g-9925486",
    "img": "https://productimages.coles.com.au/productimages/9/9925486.jpg",
    "price": 12.5,
    "quantity": 0.6,
    "unitPrice": 20.83
  },
  {
    "name": "Australian Organic Food Co. Apple & Pear Fruit Puree No Added Sugar",
    "url": "https://www.woolworths.com.au/shop/productdetails/164461",
    "img": "https://cdn0.woolworths.media/content/wowproductimages/medium/164461.jpg",
    "price": 2.5,
    "quantity": 0.12,
    "unitPrice": 20.83
  },
  {
    "name": "Australian Organic Food Co. Fruit Puree Pear Peach Nectarine",
    "url": "https://www.woolworths.com.au/shop/productdetails/37941",
    "img": "https://cdn0.woolworths.media/content/wowproductimages/medium/037941.jpg",
    "price": 2.5,
    "quantity": 0.12,
    "unitPrice": 20.83
  },
  {
    "name": "Australian Organic Food Co. Fruit Puree Apple & Strawberry",
    "url": "https://www.woolworths.com.au/shop/productdetails/37259",
    "img": "https://cdn0.woolworths.media/content/wowproductimages/medium/037259.jpg",
    "price": 2.5,
    "quantity": 0.12,
    "unitPrice": 20.83
  },
  {
    "name": "Australian Organic Food Co. Fruit Puree Apple Plum Apricot & Peach",
    "url": "https://www.woolworths.com.au/shop/productdetails/37281",
    "img": "https://cdn0.woolworths.media/content/wowproductimages/medium/037281.jpg",
    "price": 2.5,
    "quantity": 0.12,
    "unitPrice": 20.83
  },
  {
    "name": "Hay Pancakes With Vanilla Bean Seeds",
    "url": "https://www.coles.com.au/product/donna-hay-pancakes-with-vanilla-bean-seeds-285g-5065615",
    "img": "https://productimages.coles.com.au/productimages/5/5065615.jpg",
    "price": 5.95,
    "quantity": 0.285,
    "unitPrice": 20.9
  },
  {
    "name": "Veg'D Up Cottage Pie",
    "url": "https://www.coles.com.au/product/lean-cuisine-veg'd-up-cottage-pie-335g-5721269",
    "img": "https://productimages.coles.com.au/productimages/5/5721269.jpg",
    "price": 7,
    "quantity": 0.335,
    "unitPrice": 20.9
  },
  {
    "name": "Australian Made Smoked Rind On Middle Bacon From The Deli",
    "url": "https://www.coles.com.au/product/coles-australian-made-smoked-rind-on-middle-bacon-from-the-deli-approx.-125g-7030666",
    "img": "https://productimages.coles.com.au/productimages/7/7030666.jpg",
    "price": 2.62,
    "quantity": 0.125,
    "unitPrice": 21
  },
  {
    "name": "Almond Kernels",
    "url": "https://www.coles.com.au/product/coles-almond-kernels-150g-9498895",
    "img": "https://productimages.coles.com.au/productimages/9/9498895.jpg",
    "price": 3.15,
    "quantity": 0.15,
    "unitPrice": 21
  },
  {
    "name": "Chicken Chippy Salt",
    "url": "https://www.coles.com.au/product/anchor-chicken-chippy-salt-170g-8008232",
    "img": "https://productimages.coles.com.au/productimages/8/8008232.jpg",
    "price": 3.5,
    "quantity": 0.17,
    "unitPrice": 21
  },
  {
    "name": "Sea Salt Grinder",
    "url": "https://www.coles.com.au/product/mckenzie's-sea-salt-grinder-410g-3669340",
    "img": "https://productimages.coles.com.au/productimages/3/3669340.jpg",
    "price": 8.5,
    "quantity": 0.41,
    "unitPrice": 21
  },
  {
    "name": "Poppy Seeds",
    "url": "https://www.coles.com.au/product/hoyts-poppy-seeds-240g-5270079",
    "img": "https://productimages.coles.com.au/productimages/5/5270079.jpg",
    "price": 5,
    "quantity": 0.24,
    "unitPrice": 21
  },
  {
    "name": "Garlic Salt",
    "url": "https://www.coles.com.au/product/masterfoods-garlic-salt-210g-318892",
    "img": "https://productimages.coles.com.au/productimages/3/318892.jpg",
    "price": 4.5,
    "quantity": 0.21,
    "unitPrice": 21
  },
  {
    "name": "Whole Black Pepper",
    "url": "https://www.coles.com.au/product/pattu-whole-black-pepper-200g-3339232",
    "img": "https://productimages.coles.com.au/productimages/3/3339232.jpg",
    "price": 4.1,
    "quantity": 0.2,
    "unitPrice": 21
  },
  {
    "name": "Crispy Chilli Oil",
    "url": "https://www.coles.com.au/product/laoganma-crispy-chilli-oil-210g-6261426",
    "img": "https://productimages.coles.com.au/productimages/6/6261426.jpg",
    "price": 4.4,
    "quantity": 0.21,
    "unitPrice": 21
  },
  {
    "name": "Ghee",
    "url": "https://www.coles.com.au/product/britannia-ghee-500ml-3337339",
    "img": "https://productimages.coles.com.au/productimages/3/3337339.jpg",
    "price": 10.5,
    "quantity": 0.5,
    "unitPrice": 21
  },
  {
    "name": "Black Tea Leaf",
    "url": "https://www.coles.com.au/product/taj-mahal-black-tea-leaf-900g-1872739",
    "img": "https://productimages.coles.com.au/productimages/1/1872739.jpg",
    "price": 18.9,
    "quantity": 0.9,
    "unitPrice": 21
  },
  {
    "name": "Thai Yellow Curry Kit",
    "url": "https://www.coles.com.au/product/marion's-kitchen-thai-yellow-curry-kit-404g-4324999",
    "img": "https://productimages.coles.com.au/productimages/4/4324999.jpg",
    "price": 8.5,
    "quantity": 0.404,
    "unitPrice": 21
  },
  {
    "name": "Extra Virgin Olive Oil",
    "url": "https://www.coles.com.au/product/red-island-extra-virgin-olive-oil-500ml-4485229",
    "img": "https://productimages.coles.com.au/productimages/4/4485229.jpg",
    "price": 10.5,
    "quantity": 0.5,
    "unitPrice": 21
  },
  {
    "name": "Thai Yellow Curry Kit",
    "url": "https://www.coles.com.au/product/marion's-kitchen-thai-yellow-curry-kit-404g-4324999",
    "img": "https://productimages.coles.com.au/productimages/4/4324999.jpg",
    "price": 8.5,
    "quantity": 0.404,
    "unitPrice": 21
  },
  {
    "name": "Brown Onion Gravy",
    "url": "https://www.coles.com.au/product/gravox-brown-onion-gravy-165g-4443579",
    "img": "https://productimages.coles.com.au/productimages/4/4443579.jpg",
    "price": 3.5,
    "quantity": 0.165,
    "unitPrice": 21
  },
  {
    "name": "Pork Spare Ribs",
    "url": "https://www.coles.com.au/product/coles-pork-spare-ribs-approx.-950g-3035293",
    "img": "https://productimages.coles.com.au/productimages/3/3035293.jpg",
    "price": 19.95,
    "quantity": 0.95,
    "unitPrice": 21
  },
  {
    "name": "Chicken Tenderloins",
    "url": "https://www.coles.com.au/product/the-bare-bird-chicken-tenderloins-approx.-500g-3091261",
    "img": "https://productimages.coles.com.au/productimages/3/3091261.jpg",
    "price": 10.5,
    "quantity": 0.5,
    "unitPrice": 21
  },
  {
    "name": "Pork Spare Ribs",
    "url": "https://www.coles.com.au/product/coles-pork-spare-ribs-approx.-950g-3035293",
    "img": "https://productimages.coles.com.au/productimages/3/3035293.jpg",
    "price": 19.95,
    "quantity": 0.95,
    "unitPrice": 21
  },
  {
    "name": "Chicken Tenderloins",
    "url": "https://www.coles.com.au/product/the-bare-bird-chicken-tenderloins-approx.-500g-3091261",
    "img": "https://productimages.coles.com.au/productimages/3/3091261.jpg",
    "price": 10.5,
    "quantity": 0.5,
    "unitPrice": 21
  },
  {
    "name": "Oob Organic Frozen Mixed Berries",
    "url": "https://www.woolworths.com.au/shop/productdetails/931860",
    "img": "https://cdn0.woolworths.media/content/wowproductimages/medium/931860.jpg",
    "price": 10.5,
    "quantity": 0.5,
    "unitPrice": 21
  },
  {
    "name": "Oob Organic Frozen Diced Mango",
    "url": "https://www.woolworths.com.au/shop/productdetails/780056",
    "img": "https://cdn0.woolworths.media/content/wowproductimages/medium/780056.jpg",
    "price": 10.5,
    "quantity": 0.5,
    "unitPrice": 21
  },
  {
    "name": "Oob Organic Frozen Strawberries",
    "url": "https://www.woolworths.com.au/shop/productdetails/780094",
    "img": "https://cdn0.woolworths.media/content/wowproductimages/medium/780094.jpg",
    "price": 10.5,
    "quantity": 0.5,
    "unitPrice": 21
  },
  {
    "name": "Birch & Waite Rich Tartare Seafood Sauce",
    "url": "https://www.woolworths.com.au/shop/productdetails/841749",
    "img": "https://cdn0.woolworths.media/content/wowproductimages/medium/841749.jpg",
    "price": 5.25,
    "quantity": 0.25,
    "unitPrice": 21
  },
  {
    "name": "Birch & Waite Parsley Dill & Tarragon Seafood Sauce",
    "url": "https://www.woolworths.com.au/shop/productdetails/841741",
    "img": "https://cdn0.woolworths.media/content/wowproductimages/medium/841741.jpg",
    "price": 5.25,
    "quantity": 0.25,
    "unitPrice": 21
  },
  {
    "name": "Birch & Waite Seafood Sauce Creamy Cocktail",
    "url": "https://www.woolworths.com.au/shop/productdetails/841751",
    "img": "https://cdn0.woolworths.media/content/wowproductimages/medium/841751.jpg",
    "price": 5.25,
    "quantity": 0.25,
    "unitPrice": 21
  },
  {
    "name": "Woolworths Thawed Squid Tubes",
    "url": "https://www.woolworths.com.au/shop/productdetails/130482",
    "img": "https://cdn0.woolworths.media/content/wowproductimages/medium/130482.jpg",
    "price": 21,
    "quantity": 1,
    "unitPrice": 21
  },
  {
    "name": "Woolworths Frozen Barramundi",
    "url": "https://www.woolworths.com.au/shop/productdetails/664737",
    "img": "https://cdn0.woolworths.media/content/wowproductimages/medium/664737.jpg",
    "price": 21,
    "quantity": 1,
    "unitPrice": 21
  },
  {
    "name": "Ling Fillets Portion Ling Skinned & Boned Thawed",
    "url": "https://www.woolworths.com.au/shop/productdetails/7777",
    "img": "https://cdn0.woolworths.media/content/wowproductimages/medium/007777.jpg",
    "price": 21,
    "quantity": 1,
    "unitPrice": 21
  },
  {
    "name": "Ocean Chef South American Flathead Fillets",
    "url": "https://www.woolworths.com.au/shop/productdetails/682485",
    "img": "https://cdn0.woolworths.media/content/wowproductimages/medium/682485.jpg",
    "price": 21,
    "quantity": 1,
    "unitPrice": 21
  },
  {
    "name": "Toscano French Style Madeleines Choc Cream Filled",
    "url": "https://www.woolworths.com.au/shop/productdetails/242617",
    "img": "https://cdn0.woolworths.media/content/wowproductimages/medium/242617.jpg",
    "price": 5,
    "quantity": 0.238,
    "unitPrice": 21
  },
  {
    "name": "Toscano French Style Madeleines Strawberry Jam Filled",
    "url": "https://www.woolworths.com.au/shop/productdetails/242952",
    "img": "https://cdn0.woolworths.media/content/wowproductimages/medium/242952.jpg",
    "price": 5,
    "quantity": 0.238,
    "unitPrice": 21
  },
  {
    "name": "Woolworths Pork Rashers",
    "url": "https://www.woolworths.com.au/shop/productdetails/675687",
    "img": "https://cdn0.woolworths.media/content/wowproductimages/medium/675687.jpg",
    "price": 16.8,
    "quantity": 0.8,
    "unitPrice": 21
  },
  {
    "name": "Masterfoods Large Garlic Salt Seasoning Salt",
    "url": "https://www.woolworths.com.au/shop/productdetails/35551",
    "img": "https://cdn0.woolworths.media/content/wowproductimages/medium/035551.jpg",
    "price": 4.5,
    "quantity": 0.21,
    "unitPrice": 21
  },
  {
    "name": "Hoyts Poppy Seed",
    "url": "https://www.woolworths.com.au/shop/productdetails/210623",
    "img": "https://cdn0.woolworths.media/content/wowproductimages/medium/210623.jpg",
    "price": 5,
    "quantity": 0.24,
    "unitPrice": 21
  },
  {
    "name": "Mckenzie's Natural Sea Salt Grinder",
    "url": "https://www.woolworths.com.au/shop/productdetails/260684",
    "img": "https://cdn0.woolworths.media/content/wowproductimages/medium/260684.jpg",
    "price": 8.5,
    "quantity": 0.41,
    "unitPrice": 21
  },
  {
    "name": "Gravox Traditional Gravy Mix Powder Traditional",
    "url": "https://www.woolworths.com.au/shop/productdetails/33228",
    "img": "https://cdn0.woolworths.media/content/wowproductimages/medium/033228.jpg",
    "price": 4.2,
    "quantity": 0.2,
    "unitPrice": 21
  },
  {
    "name": "Woolworths Almonds Natural",
    "url": "https://www.woolworths.com.au/shop/productdetails/726282",
    "img": "https://cdn0.woolworths.media/content/wowproductimages/medium/726282.jpg",
    "price": 3.15,
    "quantity": 0.15,
    "unitPrice": 21
  },
  {
    "name": "Safcol Salmon Atlantic Spring Water",
    "url": "https://www.woolworths.com.au/shop/productdetails/340443",
    "img": "https://cdn0.woolworths.media/content/wowproductimages/medium/340443.jpg",
    "price": 2,
    "quantity": 0.095,
    "unitPrice": 21.05
  },
  {
    "name": "Safcol Salmon Smoked",
    "url": "https://www.woolworths.com.au/shop/productdetails/252246",
    "img": "https://cdn0.woolworths.media/content/wowproductimages/medium/252246.jpg",
    "price": 2,
    "quantity": 0.095,
    "unitPrice": 21.05
  },
  {
    "name": "Safcol Salmon Mild Red Chilli",
    "url": "https://www.woolworths.com.au/shop/productdetails/319474",
    "img": "https://cdn0.woolworths.media/content/wowproductimages/medium/319474.jpg",
    "price": 2,
    "quantity": 0.095,
    "unitPrice": 21.05
  },
  {
    "name": "Safcol Salmon Tomato & Onion",
    "url": "https://www.woolworths.com.au/shop/productdetails/340444",
    "img": "https://cdn0.woolworths.media/content/wowproductimages/medium/340444.jpg",
    "price": 2,
    "quantity": 0.095,
    "unitPrice": 21.05
  },
  {
    "name": "Durian Coated Peanuts",
    "url": "https://www.coles.com.au/product/koh-kae-durian-coated-peanuts-180g-4499391",
    "img": "https://productimages.coles.com.au/productimages/4/4499391.jpg",
    "price": 3.8,
    "quantity": 0.18,
    "unitPrice": 21.1
  },
  {
    "name": "Mini Vienna Vanilla 5 Pack",
    "url": "https://www.coles.com.au/product/coles-mini-vienna-vanilla-5-pack-285ml-4389407",
    "img": "https://productimages.coles.com.au/productimages/4/4389407.jpg",
    "price": 6,
    "quantity": 0.285,
    "unitPrice": 21.1
  },
  {
    "name": "Mini Vienna Mint Sticks",
    "url": "https://www.coles.com.au/product/coles-ice-cream-5pk-mini-vienna-mint-sticks-285ml-4842111",
    "img": "https://productimages.coles.com.au/productimages/4/4842111.jpg",
    "price": 6,
    "quantity": 0.285,
    "unitPrice": 21.1
  },
  {
    "name": "Ice Cream Mini Vienna Salted Caramel Sticks 5 Pack",
    "url": "https://www.coles.com.au/product/coles-ice-cream-mini-vienna-salted-caramel-sticks-5-pack-285ml-4842133",
    "img": "https://productimages.coles.com.au/productimages/4/4842133.jpg",
    "price": 6,
    "quantity": 0.285,
    "unitPrice": 21.1
  },
  {
    "name": "Roasted BBQ Pork Bun",
    "url": "https://www.coles.com.au/product/king-of-kings-roasted-bbq-pork-bun-380g-4317224",
    "img": "https://productimages.coles.com.au/productimages/4/4317224.jpg",
    "price": 8,
    "quantity": 0.38,
    "unitPrice": 21.1
  },
  {
    "name": "I'M Free From Plain Pizza Base 2 Pack",
    "url": "https://www.coles.com.au/product/coles-i'm-free-from-plain-pizza-base-2-pack-380g-5121115",
    "img": "https://productimages.coles.com.au/productimages/5/5121115.jpg",
    "price": 8,
    "quantity": 0.38,
    "unitPrice": 21.1
  },
  {
    "name": "Frozen Party Sausage Rolls 12 pack",
    "url": "https://www.coles.com.au/product/patties-frozen-party-sausage-rolls-12-pack-450g-6868080",
    "img": "https://productimages.coles.com.au/productimages/6/6868080.jpg",
    "price": 9.5,
    "quantity": 0.45,
    "unitPrice": 21.1
  },
  {
    "name": "Toscano Chocolate Truffle",
    "url": "https://www.woolworths.com.au/shop/productdetails/586414",
    "img": "https://cdn0.woolworths.media/content/wowproductimages/medium/586414.jpg",
    "price": 9.5,
    "quantity": 0.45,
    "unitPrice": 21.1
  },
  {
    "name": "Yopro Perform High Protein Yoghurt No Added Sugar Mixed Berries",
    "url": "https://www.woolworths.com.au/shop/productdetails/167289",
    "img": "https://cdn0.woolworths.media/content/wowproductimages/medium/167289.jpg",
    "price": 3.7,
    "quantity": 0.175,
    "unitPrice": 21.1
  },
  {
    "name": "Yopro Perform High Protein Yoghurt Mango Passionfuit",
    "url": "https://www.woolworths.com.au/shop/productdetails/167433",
    "img": "https://cdn0.woolworths.media/content/wowproductimages/medium/167433.jpg",
    "price": 3.7,
    "quantity": 0.175,
    "unitPrice": 21.1
  },
  {
    "name": "Yopro Perform High Protein Yoghurt No Added Sugar Strawberry",
    "url": "https://www.woolworths.com.au/shop/productdetails/205064",
    "img": "https://cdn0.woolworths.media/content/wowproductimages/medium/205064.jpg",
    "price": 3.7,
    "quantity": 0.175,
    "unitPrice": 21.1
  },
  {
    "name": "Mccormick Air Fryer Japanese Style Karaage Chicken Recipe Base",
    "url": "https://www.woolworths.com.au/shop/productdetails/219168",
    "img": "https://cdn0.woolworths.media/content/wowproductimages/medium/219168.jpg",
    "price": 2,
    "quantity": 0.095,
    "unitPrice": 21.1
  },
  {
    "name": "Angus Beef And Ale Red Caramelised Onion Premium Sausages",
    "url": "https://www.coles.com.au/product/small-batch-angus-beef-and-ale-red-caramelised-onion-premium-sausages-450g-4470040",
    "img": "https://productimages.coles.com.au/productimages/4/4470040.jpg",
    "price": 9.5,
    "quantity": 0.45,
    "unitPrice": 21.11
  },
  {
    "name": "Free Range Sticky Pork And Garlic Premium Sausages",
    "url": "https://www.coles.com.au/product/small-batch-free-range-sticky-pork-and-garlic-premium-sausages-450g-4470061",
    "img": "https://productimages.coles.com.au/productimages/4/4470061.jpg",
    "price": 9.5,
    "quantity": 0.45,
    "unitPrice": 21.11
  },
  {
    "name": "Chicken Mozzarella And Rocket Sausages",
    "url": "https://www.coles.com.au/product/coles-chicken-mozzarella-and-rocket-sausages-450g-5703620",
    "img": "https://productimages.coles.com.au/productimages/5/5703620.jpg",
    "price": 9.5,
    "quantity": 0.45,
    "unitPrice": 21.11
  },
  {
    "name": "Angus Beef And Ale Red Caramelised Onion Premium Sausages",
    "url": "https://www.coles.com.au/product/small-batch-angus-beef-and-ale-red-caramelised-onion-premium-sausages-450g-4470040",
    "img": "https://productimages.coles.com.au/productimages/4/4470040.jpg",
    "price": 9.5,
    "quantity": 0.45,
    "unitPrice": 21.11
  },
  {
    "name": "Free Range Sticky Pork And Garlic Premium Sausages",
    "url": "https://www.coles.com.au/product/small-batch-free-range-sticky-pork-and-garlic-premium-sausages-450g-4470061",
    "img": "https://productimages.coles.com.au/productimages/4/4470061.jpg",
    "price": 9.5,
    "quantity": 0.45,
    "unitPrice": 21.11
  },
  {
    "name": "Chicken Mozzarella And Rocket Sausages",
    "url": "https://www.coles.com.au/product/coles-chicken-mozzarella-and-rocket-sausages-450g-5703620",
    "img": "https://productimages.coles.com.au/productimages/5/5703620.jpg",
    "price": 9.5,
    "quantity": 0.45,
    "unitPrice": 21.11
  },
  {
    "name": "D'orsogna Mini Champagne Leg Ham",
    "url": "https://www.woolworths.com.au/shop/productdetails/580252",
    "img": "https://cdn0.woolworths.media/content/wowproductimages/medium/580252.jpg",
    "price": 18,
    "quantity": 0.85,
    "unitPrice": 21.18
  },
  {
    "name": "D'orsogna Honey Leg Ham",
    "url": "https://www.woolworths.com.au/shop/productdetails/580253",
    "img": "https://cdn0.woolworths.media/content/wowproductimages/medium/580253.jpg",
    "price": 18,
    "quantity": 0.85,
    "unitPrice": 21.18
  },
  {
    "name": "Farmdale Whipped Cream",
    "url": "https://www.aldi.com.au/en/groceries/fresh-produce/dairy-eggs/dairy-eggs-detail/ps/p/farmdale-whipped-cream-250g/",
    "img": "https://www.aldi.com.au/fileadmin/_processed_/0/9/csm_1001605-3_1x1_Q4_WEB-AUDIT_DAIRY_228x128_17_47dad4f98a.jpg",
    "price": 5.29,
    "quantity": 0.25,
    "unitPrice": 21.2
  },
  {
    "name": "Vintage Cheese Block",
    "url": "https://www.coles.com.au/product/great-ocean-road-vintage-cheese-block-500g-9182213",
    "img": "https://productimages.coles.com.au/productimages/9/9182213.jpg",
    "price": 10.6,
    "quantity": 0.5,
    "unitPrice": 21.2
  },
  {
    "name": "Stone Baked Garlic Ciabatta",
    "url": "https://www.coles.com.au/product/la-famiglia-stone-baked-garlic-ciabatta-330g-9082489",
    "img": "https://productimages.coles.com.au/productimages/9/9082489.jpg",
    "price": 7,
    "quantity": 0.33,
    "unitPrice": 21.2
  },
  {
    "name": "Australian Pitted Prunes",
    "url": "https://www.coles.com.au/product/angas-park-australian-pitted-prunes-250g-166080",
    "img": "https://productimages.coles.com.au/productimages/1/166080.jpg",
    "price": 5.3,
    "quantity": 0.25,
    "unitPrice": 21.2
  },
  {
    "name": "Craisins Original",
    "url": "https://www.coles.com.au/product/ocean-spray-craisins-original-283g-2762292",
    "img": "https://productimages.coles.com.au/productimages/2/2762292.jpg",
    "price": 6,
    "quantity": 0.283,
    "unitPrice": 21.2
  },
  {
    "name": "Blue Agave Sweetner Classic",
    "url": "https://www.coles.com.au/product/whole-earth-blue-agave-sweetner-classic-330g-6576416",
    "img": "https://productimages.coles.com.au/productimages/6/6576416.jpg",
    "price": 7,
    "quantity": 0.33,
    "unitPrice": 21.2
  },
  {
    "name": "Blue Agave Sweetner Raw",
    "url": "https://www.coles.com.au/product/whole-earth-blue-agave-sweetner-raw-330g-6576449",
    "img": "https://productimages.coles.com.au/productimages/6/6576449.jpg",
    "price": 7,
    "quantity": 0.33,
    "unitPrice": 21.2
  },
  {
    "name": "Lamb & Rosemary Liquid Gravy Pouch",
    "url": "https://www.coles.com.au/product/gravox-lamb-&-rosemary-liquid-gravy-pouch-165g-4445858",
    "img": "https://productimages.coles.com.au/productimages/4/4445858.jpg",
    "price": 3.5,
    "quantity": 0.165,
    "unitPrice": 21.2
  },
  {
    "name": "Roast Meat With Red Wine & Garlic Liquid Gravy Pouch",
    "url": "https://www.coles.com.au/product/gravox-roast-meat-with-red-wine-&-garlic-liquid-gravy-pouch-165g-4445869",
    "img": "https://productimages.coles.com.au/productimages/4/4445869.jpg",
    "price": 3.5,
    "quantity": 0.165,
    "unitPrice": 21.2
  },
  {
    "name": "Traditional Liquid Gravy Pouch",
    "url": "https://www.coles.com.au/product/gravox-traditional-liquid-gravy-pouch-165g-4999805",
    "img": "https://productimages.coles.com.au/productimages/4/4999805.jpg",
    "price": 3.5,
    "quantity": 0.165,
    "unitPrice": 21.2
  },
  {
    "name": "Diane Sauce Liquid Pouch",
    "url": "https://www.coles.com.au/product/gravox-diane-sauce-liquid-pouch-165g-4999816",
    "img": "https://productimages.coles.com.au/productimages/4/4999816.jpg",
    "price": 3.5,
    "quantity": 0.165,
    "unitPrice": 21.2
  },
  {
    "name": "Pepper Steak Sauce Liquid Pouch",
    "url": "https://www.coles.com.au/product/gravox-pepper-steak-sauce-liquid-pouch-165g-4999827",
    "img": "https://productimages.coles.com.au/productimages/4/4999827.jpg",
    "price": 3.5,
    "quantity": 0.165,
    "unitPrice": 21.2
  },
  {
    "name": "Roast Chicken With Herbs Liquid Gravy Pouch",
    "url": "https://www.coles.com.au/product/gravox-roast-chicken-with-herbs-liquid-gravy-pouch-165g-5600253",
    "img": "https://productimages.coles.com.au/productimages/5/5600253.jpg",
    "price": 3.5,
    "quantity": 0.165,
    "unitPrice": 21.2
  },
  {
    "name": "Mushroom & Garlic Sauce Liquid Pouch",
    "url": "https://www.coles.com.au/product/gravox-mushroom-&-garlic-sauce-liquid-pouch-165g-5600344",
    "img": "https://productimages.coles.com.au/productimages/5/5600344.jpg",
    "price": 3.5,
    "quantity": 0.165,
    "unitPrice": 21.2
  },
  {
    "name": "Peppercorn With Cream Sauce Liquid Pouch",
    "url": "https://www.coles.com.au/product/gravox-peppercorn-with-cream-sauce-liquid-pouch-165g-6273390",
    "img": "https://productimages.coles.com.au/productimages/6/6273390.jpg",
    "price": 3.5,
    "quantity": 0.165,
    "unitPrice": 21.2
  },
  {
    "name": "Best Ever Chip Liquid Gravy Pouch",
    "url": "https://www.coles.com.au/product/gravox-best-ever-chip-liquid-gravy-pouch-165g-9233675",
    "img": "https://productimages.coles.com.au/productimages/9/9233675.jpg",
    "price": 3.5,
    "quantity": 0.165,
    "unitPrice": 21.2
  },
  {
    "name": "Veg'D Up Spinach Ricotta Cannelloni",
    "url": "https://www.coles.com.au/product/lean-cuisine-veg'd-up-spinach-ricotta-cannelloni-330g-5721270",
    "img": "https://productimages.coles.com.au/productimages/5/5721270.jpg",
    "price": 7,
    "quantity": 0.33,
    "unitPrice": 21.2
  },
  {
    "name": "Devondale Unsalted Butter",
    "url": "https://www.woolworths.com.au/shop/productdetails/652560",
    "img": "https://cdn0.woolworths.media/content/wowproductimages/medium/652560.jpg",
    "price": 5.3,
    "quantity": 0.25,
    "unitPrice": 21.2
  },
  {
    "name": "Devondale Salted Butter",
    "url": "https://www.woolworths.com.au/shop/productdetails/75645",
    "img": "https://cdn0.woolworths.media/content/wowproductimages/medium/075645.jpg",
    "price": 5.3,
    "quantity": 0.25,
    "unitPrice": 21.2
  },
  {
    "name": "Bega Almond Spread Crunchy",
    "url": "https://www.woolworths.com.au/shop/productdetails/827530",
    "img": "https://cdn0.woolworths.media/content/wowproductimages/medium/827530.jpg",
    "price": 6.9,
    "quantity": 0.325,
    "unitPrice": 21.2
  },
  {
    "name": "Gravox Traditional Liquid Gravy Pouch Liquid Traditional",
    "url": "https://www.woolworths.com.au/shop/productdetails/245951",
    "img": "https://cdn0.woolworths.media/content/wowproductimages/medium/245951.jpg",
    "price": 3.5,
    "quantity": 0.165,
    "unitPrice": 21.2
  },
  {
    "name": "Gravox Best Ever Hot Chip Gravy Pouch Liquid Gravy For Chips",
    "url": "https://www.woolworths.com.au/shop/productdetails/720043",
    "img": "https://cdn0.woolworths.media/content/wowproductimages/medium/720043.jpg",
    "price": 3.5,
    "quantity": 0.165,
    "unitPrice": 21.2
  },
  {
    "name": "Gravox Best Ever Schnitzel Liquid Gravy Pouch",
    "url": "https://www.woolworths.com.au/shop/productdetails/733664",
    "img": "https://cdn0.woolworths.media/content/wowproductimages/medium/733664.jpg",
    "price": 3.5,
    "quantity": 0.165,
    "unitPrice": 21.2
  },
  {
    "name": "Gravox Pepper Steak Sauce Liquid Pouch",
    "url": "https://www.woolworths.com.au/shop/productdetails/245953",
    "img": "https://cdn0.woolworths.media/content/wowproductimages/medium/245953.jpg",
    "price": 3.5,
    "quantity": 0.165,
    "unitPrice": 21.2
  },
  {
    "name": "Gravox Roast Chicken With Herbs Liquid Gravy Pouch",
    "url": "https://www.woolworths.com.au/shop/productdetails/257448",
    "img": "https://cdn0.woolworths.media/content/wowproductimages/medium/257448.jpg",
    "price": 3.5,
    "quantity": 0.165,
    "unitPrice": 21.2
  },
  {
    "name": "Gravox Cheese Sauce Liquid Pouch Cheese",
    "url": "https://www.woolworths.com.au/shop/productdetails/345992",
    "img": "https://cdn0.woolworths.media/content/wowproductimages/medium/345992.jpg",
    "price": 3.5,
    "quantity": 0.165,
    "unitPrice": 21.2
  },
  {
    "name": "Gravox Parsley White Finishing Sauce Liquid Pouch",
    "url": "https://www.woolworths.com.au/shop/productdetails/757555",
    "img": "https://cdn0.woolworths.media/content/wowproductimages/medium/757555.jpg",
    "price": 3.5,
    "quantity": 0.165,
    "unitPrice": 21.2
  },
  {
    "name": "Gravox Lamb & Rosemary Liquid Gravy Pouch",
    "url": "https://www.woolworths.com.au/shop/productdetails/222993",
    "img": "https://cdn0.woolworths.media/content/wowproductimages/medium/222993.jpg",
    "price": 3.5,
    "quantity": 0.165,
    "unitPrice": 21.2
  },
  {
    "name": "Gravox Diane Sauce Liquid Pouch Diane",
    "url": "https://www.woolworths.com.au/shop/productdetails/245952",
    "img": "https://cdn0.woolworths.media/content/wowproductimages/medium/245952.jpg",
    "price": 3.5,
    "quantity": 0.165,
    "unitPrice": 21.2
  },
  {
    "name": "Gravox Brown Onion Liquid Gravy Pouch Brown Onion",
    "url": "https://www.woolworths.com.au/shop/productdetails/222992",
    "img": "https://cdn0.woolworths.media/content/wowproductimages/medium/222992.jpg",
    "price": 3.5,
    "quantity": 0.165,
    "unitPrice": 21.2
  },
  {
    "name": "Gravox Mushroom & Garlic Sauce Liquid Pouch",
    "url": "https://www.woolworths.com.au/shop/productdetails/257451",
    "img": "https://cdn0.woolworths.media/content/wowproductimages/medium/257451.jpg",
    "price": 3.5,
    "quantity": 0.165,
    "unitPrice": 21.2
  },
  {
    "name": "Gravox Peppercorn With Cream Sauce Liquid Pouch",
    "url": "https://www.woolworths.com.au/shop/productdetails/297221",
    "img": "https://cdn0.woolworths.media/content/wowproductimages/medium/297221.jpg",
    "price": 3.5,
    "quantity": 0.165,
    "unitPrice": 21.2
  },
  {
    "name": "Gravox Roast Pork Liquid Gravy Pouch Roast Pork",
    "url": "https://www.woolworths.com.au/shop/productdetails/297216",
    "img": "https://cdn0.woolworths.media/content/wowproductimages/medium/297216.jpg",
    "price": 3.5,
    "quantity": 0.165,
    "unitPrice": 21.2
  },
  {
    "name": "Gravox Hollandaise Sauce Liquid Pouch Hollandaise",
    "url": "https://www.woolworths.com.au/shop/productdetails/345994",
    "img": "https://cdn0.woolworths.media/content/wowproductimages/medium/345994.jpg",
    "price": 3.5,
    "quantity": 0.165,
    "unitPrice": 21.2
  },
  {
    "name": "Gravox Roast Meat With Red Wine & Garlic Liquid Gravy Pouch",
    "url": "https://www.woolworths.com.au/shop/productdetails/222989",
    "img": "https://cdn0.woolworths.media/content/wowproductimages/medium/222989.jpg",
    "price": 3.5,
    "quantity": 0.165,
    "unitPrice": 21.2
  },
  {
    "name": "Gravox Best Ever Bangers 'n' Mash Liquid Gravy Pouch",
    "url": "https://www.woolworths.com.au/shop/productdetails/757539",
    "img": "https://cdn0.woolworths.media/content/wowproductimages/medium/757539.jpg",
    "price": 3.5,
    "quantity": 0.165,
    "unitPrice": 21.2
  },
  {
    "name": "Beerenberg The Chipotle & Maple Sauce",
    "url": "https://www.woolworths.com.au/shop/productdetails/388983",
    "img": "https://cdn0.woolworths.media/content/wowproductimages/medium/388983.jpg",
    "price": 6.35,
    "quantity": 0.3,
    "unitPrice": 21.2
  },
  {
    "name": "Gerard Family Foods Organic Agave Sweetener",
    "url": "https://www.woolworths.com.au/shop/productdetails/291075",
    "img": "https://cdn0.woolworths.media/content/wowproductimages/medium/291075.jpg",
    "price": 10.6,
    "quantity": 0.5,
    "unitPrice": 21.2
  },
  {
    "name": "Ocean Spray Craisins Value Bag",
    "url": "https://www.woolworths.com.au/shop/productdetails/841896",
    "img": "https://cdn0.woolworths.media/content/wowproductimages/medium/841896.jpg",
    "price": 6,
    "quantity": 0.283,
    "unitPrice": 21.2
  },
  {
    "name": "Angas Park Prunes Pitted",
    "url": "https://www.woolworths.com.au/shop/productdetails/39122",
    "img": "https://cdn0.woolworths.media/content/wowproductimages/medium/039122.jpg",
    "price": 5.3,
    "quantity": 0.25,
    "unitPrice": 21.2
  },
  {
    "name": "Chicken Breast Schnitzel",
    "url": "https://www.coles.com.au/product/steggles-chicken-breast-schnitzel-400g-6943426",
    "img": "https://productimages.coles.com.au/productimages/6/6943426.jpg",
    "price": 8.5,
    "quantity": 0.4,
    "unitPrice": 21.25
  },
  {
    "name": "Chicken Breast Schnitzel",
    "url": "https://www.coles.com.au/product/steggles-chicken-breast-schnitzel-400g-6943426",
    "img": "https://productimages.coles.com.au/productimages/6/6943426.jpg",
    "price": 8.5,
    "quantity": 0.4,
    "unitPrice": 21.25
  },
  {
    "name": "Turkey Rissoles",
    "url": "https://www.coles.com.au/product/steggles-turkey-rissoles-400g-1833566",
    "img": "https://productimages.coles.com.au/productimages/1/1833566.jpg",
    "price": 8.5,
    "quantity": 0.4,
    "unitPrice": 21.25
  },
  {
    "name": "Lamb Burgers With Rosemary And Garlic 4 Pack",
    "url": "https://www.coles.com.au/product/coles-lamb-burgers-with-rosemary-and-garlic-4-pack-400g-5132541",
    "img": "https://productimages.coles.com.au/productimages/5/5132541.jpg",
    "price": 8.5,
    "quantity": 0.4,
    "unitPrice": 21.25
  },
  {
    "name": "Turkey Rissoles",
    "url": "https://www.coles.com.au/product/steggles-turkey-rissoles-400g-1833566",
    "img": "https://productimages.coles.com.au/productimages/1/1833566.jpg",
    "price": 8.5,
    "quantity": 0.4,
    "unitPrice": 21.25
  },
  {
    "name": "Lamb Burgers With Rosemary And Garlic 4 Pack",
    "url": "https://www.coles.com.au/product/coles-lamb-burgers-with-rosemary-and-garlic-4-pack-400g-5132541",
    "img": "https://productimages.coles.com.au/productimages/5/5132541.jpg",
    "price": 8.5,
    "quantity": 0.4,
    "unitPrice": 21.25
  },
  {
    "name": "Woolworths Chicken Kyiv Bites With Creamy Garlic Filling",
    "url": "https://www.woolworths.com.au/shop/productdetails/134090",
    "img": "https://cdn0.woolworths.media/content/wowproductimages/medium/134090.jpg",
    "price": 8.5,
    "quantity": 0.4,
    "unitPrice": 21.25
  },
  {
    "name": "Woolworths Rspca Approved Chicken Cheesy Chicken Bites",
    "url": "https://www.woolworths.com.au/shop/productdetails/278479",
    "img": "https://cdn0.woolworths.media/content/wowproductimages/medium/278479.jpg",
    "price": 8.5,
    "quantity": 0.4,
    "unitPrice": 21.25
  },
  {
    "name": "Danish Fetta Cheese",
    "url": "https://www.coles.com.au/product/coles-deli-danish-fetta-cheese-approx.-100g-3218657",
    "img": "https://productimages.coles.com.au/productimages/3/3218657.jpg",
    "price": 2.13,
    "quantity": 0.1,
    "unitPrice": 21.3
  },
  {
    "name": "Strawberry Yoghurt",
    "url": "https://www.coles.com.au/product/easiyo-strawberry-yoghurt-230g-2745952",
    "img": "https://productimages.coles.com.au/productimages/2/2745952.jpg",
    "price": 4.9,
    "quantity": 0.23,
    "unitPrice": 21.3
  },
  {
    "name": "Vanilla Flavour Yoghurt",
    "url": "https://www.coles.com.au/product/easiyo-vanilla-flavour-yoghurt-230g-2745963",
    "img": "https://productimages.coles.com.au/productimages/2/2745963.jpg",
    "price": 4.9,
    "quantity": 0.23,
    "unitPrice": 21.3
  },
  {
    "name": "Yogurt Greek Style Blueberry",
    "url": "https://www.coles.com.au/product/easiyo-yogurt-greek-style-blueberry-230g-2930513",
    "img": "https://productimages.coles.com.au/productimages/2/2930513.jpg",
    "price": 4.9,
    "quantity": 0.23,
    "unitPrice": 21.3
  },
  {
    "name": "Greek Style Yoghurt Manuka Honey",
    "url": "https://www.coles.com.au/product/easiyo-greek-style-yoghurt-manuka-honey-230g-5149330",
    "img": "https://productimages.coles.com.au/productimages/5/5149330.jpg",
    "price": 4.9,
    "quantity": 0.23,
    "unitPrice": 21.3
  },
  {
    "name": "Choc Chip",
    "url": "https://www.coles.com.au/product/yogo-choc-chip-150g-3996583",
    "img": "https://productimages.coles.com.au/productimages/3/3996583.jpg",
    "price": 3.2,
    "quantity": 0.15,
    "unitPrice": 21.3
  },
  {
    "name": "Chocolate & M&M's Mini Dessert",
    "url": "https://www.coles.com.au/product/yogo-chocolate-&-m&m's-mini-dessert-150g-8717348",
    "img": "https://productimages.coles.com.au/productimages/8/8717348.jpg",
    "price": 3.2,
    "quantity": 0.15,
    "unitPrice": 21.3
  },
  {
    "name": "Butter Soft Salted Spreadable Butter",
    "url": "https://www.coles.com.au/product/mainland-butter-soft-salted-spreadable-butter-375g-6854734",
    "img": "https://productimages.coles.com.au/productimages/6/6854734.jpg",
    "price": 8,
    "quantity": 0.375,
    "unitPrice": 21.3
  },
  {
    "name": "Butter Soft Salt Reduced Spreadable Butter",
    "url": "https://www.coles.com.au/product/mainland-butter-soft-salt-reduced-spreadable-butter-375g-6854745",
    "img": "https://productimages.coles.com.au/productimages/6/6854745.jpg",
    "price": 8,
    "quantity": 0.375,
    "unitPrice": 21.3
  },
  {
    "name": "Salt Reduced Soy Sauce",
    "url": "https://www.coles.com.au/product/lee-kum-kee-salt-reduced-soy-sauce-150ml-5423125",
    "img": "https://productimages.coles.com.au/productimages/5/5423125.jpg",
    "price": 3.2,
    "quantity": 0.15,
    "unitPrice": 21.3
  },
  {
    "name": "Frozen Lemon Meringue Pies 4 pack",
    "url": "https://www.coles.com.au/product/pampas-frozen-lemon-meringue-pies-4-pack-400g-464522",
    "img": "https://productimages.coles.com.au/productimages/4/464522.jpg",
    "price": 8.5,
    "quantity": 0.4,
    "unitPrice": 21.3
  },
  {
    "name": "Frozen Cheese & Bacon Pizza Pockets",
    "url": "https://www.coles.com.au/product/mccain-frozen-cheese-&-bacon-pizza-pockets-400g-8697604",
    "img": "https://productimages.coles.com.au/productimages/8/8697604.jpg",
    "price": 8.5,
    "quantity": 0.4,
    "unitPrice": 21.3
  },
  {
    "name": "Non Dairy Cheesecake Blueberry",
    "url": "https://www.coles.com.au/product/sara-lee-non-dairy-cheesecake-blueberry-450g-5591640",
    "img": "https://productimages.coles.com.au/productimages/5/5591640.jpg",
    "price": 9.6,
    "quantity": 0.45,
    "unitPrice": 21.3
  },
  {
    "name": "Frozen Lemon Meringue Pies 4 pack",
    "url": "https://www.coles.com.au/product/pampas-frozen-lemon-meringue-pies-4-pack-400g-464522",
    "img": "https://productimages.coles.com.au/productimages/4/464522.jpg",
    "price": 8.5,
    "quantity": 0.4,
    "unitPrice": 21.3
  },
  {
    "name": "Frozen Cheese & Bacon Pizza Pockets",
    "url": "https://www.coles.com.au/product/mccain-frozen-cheese-&-bacon-pizza-pockets-400g-8697604",
    "img": "https://productimages.coles.com.au/productimages/8/8697604.jpg",
    "price": 8.5,
    "quantity": 0.4,
    "unitPrice": 21.3
  },
  {
    "name": "Non Dairy Cheesecake Blueberry",
    "url": "https://www.coles.com.au/product/sara-lee-non-dairy-cheesecake-blueberry-450g-5591640",
    "img": "https://productimages.coles.com.au/productimages/5/5591640.jpg",
    "price": 9.6,
    "quantity": 0.45,
    "unitPrice": 21.3
  },
  {
    "name": "Mainland Buttersoft Pure Salted Butter",
    "url": "https://www.woolworths.com.au/shop/productdetails/57182",
    "img": "https://cdn0.woolworths.media/content/wowproductimages/medium/057182.jpg",
    "price": 8,
    "quantity": 0.375,
    "unitPrice": 21.3
  },
  {
    "name": "Mainland Buttersoft Pure Salt Reduced Butter",
    "url": "https://www.woolworths.com.au/shop/productdetails/57222",
    "img": "https://cdn0.woolworths.media/content/wowproductimages/medium/057222.jpg",
    "price": 8,
    "quantity": 0.375,
    "unitPrice": 21.3
  },
  {
    "name": "Yogo Chocolate With Mini M&m's Custard Dessert",
    "url": "https://www.woolworths.com.au/shop/productdetails/156295",
    "img": "https://cdn0.woolworths.media/content/wowproductimages/medium/156295.jpg",
    "price": 3.2,
    "quantity": 0.15,
    "unitPrice": 21.3
  },
  {
    "name": "Yogo Chocolate With Choc Chip Custard Dessert",
    "url": "https://www.woolworths.com.au/shop/productdetails/156294",
    "img": "https://cdn0.woolworths.media/content/wowproductimages/medium/156294.jpg",
    "price": 3.2,
    "quantity": 0.15,
    "unitPrice": 21.3
  },
  {
    "name": "Easiyo Sweet Vanilla Yoghurt Base",
    "url": "https://www.woolworths.com.au/shop/productdetails/173193",
    "img": "https://cdn0.woolworths.media/content/wowproductimages/medium/173193.jpg",
    "price": 4.9,
    "quantity": 0.23,
    "unitPrice": 21.3
  },
  {
    "name": "Easiyo Strawberry Flavour Yoghurt Base",
    "url": "https://www.woolworths.com.au/shop/productdetails/173166",
    "img": "https://cdn0.woolworths.media/content/wowproductimages/medium/173166.jpg",
    "price": 4.9,
    "quantity": 0.23,
    "unitPrice": 21.3
  },
  {
    "name": "Lee Kum Kee Sauce Soy Salt Reduced",
    "url": "https://www.woolworths.com.au/shop/productdetails/258585",
    "img": "https://cdn0.woolworths.media/content/wowproductimages/medium/258585.jpg",
    "price": 3.2,
    "quantity": 0.15,
    "unitPrice": 21.3
  },
  {
    "name": "Hong Gong Chili Oil",
    "url": "https://www.woolworths.com.au/shop/productdetails/6255",
    "img": "https://cdn0.woolworths.media/content/wowproductimages/medium/006255.jpg",
    "price": 3.2,
    "quantity": 0.15,
    "unitPrice": 21.3
  },
  {
    "name": "Roasted & Salted Cashews",
    "url": "https://www.coles.com.au/product/coles-roasted-&-salted-cashews-750g-5259350",
    "img": "https://productimages.coles.com.au/productimages/5/5259350.jpg",
    "price": 16,
    "quantity": 0.75,
    "unitPrice": 21.33
  },
  {
    "name": "Roasted & Salted Pistachios Imported",
    "url": "https://www.coles.com.au/product/coles-roasted-&-salted-pistachios-imported-750g-6893260",
    "img": "https://productimages.coles.com.au/productimages/6/6893260.jpg",
    "price": 16,
    "quantity": 0.75,
    "unitPrice": 21.33
  },
  {
    "name": "400 Gradi Selection Pizza Cheese",
    "url": "https://www.coles.com.au/product/dirossi-400-gradi-selection-pizza-cheese-150g-6892540",
    "img": "https://productimages.coles.com.au/productimages/6/6892540.jpg",
    "price": 3.2,
    "quantity": 0.15,
    "unitPrice": 21.33
  },
  {
    "name": "400 Gradi Selection Mozzarella",
    "url": "https://www.coles.com.au/product/dirossi-400-gradi-selection-mozzarella-150g-6892595",
    "img": "https://productimages.coles.com.au/productimages/6/6892595.jpg",
    "price": 3.2,
    "quantity": 0.15,
    "unitPrice": 21.33
  },
  {
    "name": "Lactose Free Cottage Cheese",
    "url": "https://www.coles.com.au/product/brancourts-lactose-free-cottage-cheese-225g-6255682",
    "img": "https://productimages.coles.com.au/productimages/6/6255682.jpg",
    "price": 4.8,
    "quantity": 0.225,
    "unitPrice": 21.33
  },
  {
    "name": "RSPCA Approved Chicken Kebabs Honey & Soy",
    "url": "https://www.coles.com.au/product/coles-rspca-approved-chicken-kebabs-honey-&-soy-375g-3745710",
    "img": "https://productimages.coles.com.au/productimages/3/3745710.jpg",
    "price": 8,
    "quantity": 0.375,
    "unitPrice": 21.33
  },
  {
    "name": "Mussels Natural",
    "url": "https://www.coles.com.au/product/talley's-mussels-natural-375g-5032467",
    "img": "https://productimages.coles.com.au/productimages/5/5032467.jpg",
    "price": 8,
    "quantity": 0.375,
    "unitPrice": 21.33
  },
  {
    "name": "Mussels Garlic",
    "url": "https://www.coles.com.au/product/talley's-mussels-garlic-375g-9596067",
    "img": "https://productimages.coles.com.au/productimages/9/9596067.jpg",
    "price": 8,
    "quantity": 0.375,
    "unitPrice": 21.33
  },
  {
    "name": "Mussels Chilli",
    "url": "https://www.coles.com.au/product/talley's-mussels-chilli-375g-9596089",
    "img": "https://productimages.coles.com.au/productimages/9/9596089.jpg",
    "price": 8,
    "quantity": 0.375,
    "unitPrice": 21.33
  },
  {
    "name": "Made Easy Slow Cooked Pork Ribs With Char Siu Sauce",
    "url": "https://www.coles.com.au/product/coles-made-easy-slow-cooked-pork-ribs-with-char-siu-sauce-750g-2724475",
    "img": "https://productimages.coles.com.au/productimages/2/2724475.jpg",
    "price": 16,
    "quantity": 0.75,
    "unitPrice": 21.33
  },
  {
    "name": "RSPCA Approved Chicken Kebabs Honey & Soy",
    "url": "https://www.coles.com.au/product/coles-rspca-approved-chicken-kebabs-honey-&-soy-375g-3745710",
    "img": "https://productimages.coles.com.au/productimages/3/3745710.jpg",
    "price": 8,
    "quantity": 0.375,
    "unitPrice": 21.33
  },
  {
    "name": "Mussels Natural",
    "url": "https://www.coles.com.au/product/talley's-mussels-natural-375g-5032467",
    "img": "https://productimages.coles.com.au/productimages/5/5032467.jpg",
    "price": 8,
    "quantity": 0.375,
    "unitPrice": 21.33
  },
  {
    "name": "Mussels Garlic",
    "url": "https://www.coles.com.au/product/talley's-mussels-garlic-375g-9596067",
    "img": "https://productimages.coles.com.au/productimages/9/9596067.jpg",
    "price": 8,
    "quantity": 0.375,
    "unitPrice": 21.33
  },
  {
    "name": "Mussels Chilli",
    "url": "https://www.coles.com.au/product/talley's-mussels-chilli-375g-9596089",
    "img": "https://productimages.coles.com.au/productimages/9/9596089.jpg",
    "price": 8,
    "quantity": 0.375,
    "unitPrice": 21.33
  },
  {
    "name": "Made Easy Slow Cooked Pork Ribs With Char Siu Sauce",
    "url": "https://www.coles.com.au/product/coles-made-easy-slow-cooked-pork-ribs-with-char-siu-sauce-750g-2724475",
    "img": "https://productimages.coles.com.au/productimages/2/2724475.jpg",
    "price": 16,
    "quantity": 0.75,
    "unitPrice": 21.33
  },
  {
    "name": "Talley's Chilled Mussels Marinated Plain",
    "url": "https://www.woolworths.com.au/shop/productdetails/289769",
    "img": "https://cdn0.woolworths.media/content/wowproductimages/medium/289769.jpg",
    "price": 8,
    "quantity": 0.375,
    "unitPrice": 21.33
  },
  {
    "name": "Talley's Chilled Mussels Marinated Garlic",
    "url": "https://www.woolworths.com.au/shop/productdetails/289775",
    "img": "https://cdn0.woolworths.media/content/wowproductimages/medium/289775.jpg",
    "price": 8,
    "quantity": 0.375,
    "unitPrice": 21.33
  },
  {
    "name": "Talley's Chilled Mussels Chilli",
    "url": "https://www.woolworths.com.au/shop/productdetails/289772",
    "img": "https://cdn0.woolworths.media/content/wowproductimages/medium/289772.jpg",
    "price": 8,
    "quantity": 0.375,
    "unitPrice": 21.33
  },
  {
    "name": "Oat Yogurt Blueberry",
    "url": "https://www.coles.com.au/product/vitasoy-oat-yogurt-blueberry-140g-6614639",
    "img": "https://productimages.coles.com.au/productimages/6/6614639.jpg",
    "price": 3,
    "quantity": 0.14,
    "unitPrice": 21.4
  },
  {
    "name": "Oat Yogurt Vanilla",
    "url": "https://www.coles.com.au/product/vitasoy-oat-yogurt-vanilla-140g-6614650",
    "img": "https://productimages.coles.com.au/productimages/6/6614650.jpg",
    "price": 3,
    "quantity": 0.14,
    "unitPrice": 21.4
  },
  {
    "name": "Panfry Filled Gnocchi Cheese",
    "url": "https://www.coles.com.au/product/rana-panfry-filled-gnocchi-cheese-280g-4688962",
    "img": "https://productimages.coles.com.au/productimages/4/4688962.jpg",
    "price": 6,
    "quantity": 0.28,
    "unitPrice": 21.4
  },
  {
    "name": "Panfry Filled Gnocchi Spinach Mozzarella",
    "url": "https://www.coles.com.au/product/rana-panfry-filled-gnocchi-spinach-mozzarella-280g-5547740",
    "img": "https://productimages.coles.com.au/productimages/5/5547740.jpg",
    "price": 6,
    "quantity": 0.28,
    "unitPrice": 21.4
  },
  {
    "name": "Kitchen Spaghetti Carbonara",
    "url": "https://www.coles.com.au/product/coles-kitchen-spaghetti-carbonara-350g-2680802",
    "img": "https://productimages.coles.com.au/productimages/2/2680802.jpg",
    "price": 7.5,
    "quantity": 0.35,
    "unitPrice": 21.4
  },
  {
    "name": "Kitchen Special Fried Rice",
    "url": "https://www.coles.com.au/product/coles-kitchen-special-fried-rice-350g-2875095",
    "img": "https://productimages.coles.com.au/productimages/2/2875095.jpg",
    "price": 7.5,
    "quantity": 0.35,
    "unitPrice": 21.4
  },
  {
    "name": "Kitchen Thai Green Chicken Curry & Rice",
    "url": "https://www.coles.com.au/product/coles-kitchen-thai-green-chicken-curry-&-rice-350g-2875110",
    "img": "https://productimages.coles.com.au/productimages/2/2875110.jpg",
    "price": 7.5,
    "quantity": 0.35,
    "unitPrice": 21.4
  },
  {
    "name": "Kitchen Beef Massaman Curry & Rice",
    "url": "https://www.coles.com.au/product/coles-kitchen-beef-massaman-curry-&-rice-350g-2875120",
    "img": "https://productimages.coles.com.au/productimages/2/2875120.jpg",
    "price": 7.5,
    "quantity": 0.35,
    "unitPrice": 21.4
  },
  {
    "name": "Gluten Free Sultana Bran Breakfast Cereal",
    "url": "https://www.coles.com.au/product/kellogg's-gluten-free-sultana-bran-breakfast-cereal-350g-4308788",
    "img": "https://productimages.coles.com.au/productimages/4/4308788.jpg",
    "price": 7.5,
    "quantity": 0.35,
    "unitPrice": 21.4
  },
  {
    "name": "Gluten Free Sultana Bran Breakfast Cereal",
    "url": "https://www.coles.com.au/product/kellogg's-gluten-free-sultana-bran-breakfast-cereal-350g-4308788",
    "img": "https://productimages.coles.com.au/productimages/4/4308788.jpg",
    "price": 7.5,
    "quantity": 0.35,
    "unitPrice": 21.4
  },
  {
    "name": "Peanut Butter Sandwich",
    "url": "https://www.coles.com.au/product/julies-peanut-butter-sandwich-180g-2496916",
    "img": "https://productimages.coles.com.au/productimages/2/2496916.jpg",
    "price": 3.85,
    "quantity": 0.18,
    "unitPrice": 21.4
  },
  {
    "name": "Explosive Mixture Spread",
    "url": "https://www.coles.com.au/product/carmelina-explosive-mixture-spread-280g-5716382",
    "img": "https://productimages.coles.com.au/productimages/5/5716382.jpg",
    "price": 6,
    "quantity": 0.28,
    "unitPrice": 21.4
  },
  {
    "name": "Sweet Potato Cottage Pie Meal",
    "url": "https://www.coles.com.au/product/super-nature-sweet-potato-cottage-pie-meal-350g-2409354",
    "img": "https://productimages.coles.com.au/productimages/2/2409354.jpg",
    "price": 7.5,
    "quantity": 0.35,
    "unitPrice": 21.4
  },
  {
    "name": "Chicken Pad Thai With Rice Noodles",
    "url": "https://www.coles.com.au/product/super-nature-chicken-pad-thai-with-rice-noodles-350g-2742397",
    "img": "https://productimages.coles.com.au/productimages/2/2742397.jpg",
    "price": 7.5,
    "quantity": 0.35,
    "unitPrice": 21.4
  },
  {
    "name": "Frozen Super Green Chickpea Curry with Quinoa  and Brown Rice Wellness Bowl",
    "url": "https://www.coles.com.au/product/super-nature-frozen-super-green-chickpea-curry-with-quinoa--and-brown-rice-wellness-bowl-350g-2944846",
    "img": "https://productimages.coles.com.au/productimages/2/2944846.jpg",
    "price": 7.5,
    "quantity": 0.35,
    "unitPrice": 21.4
  },
  {
    "name": "Frozen Wholegrain Butter Chicken With Freekeh Ancient Grain Mix Wellness Bowl",
    "url": "https://www.coles.com.au/product/super-nature-frozen-wholegrain-butter-chicken-with-freekeh-ancient-grain-mix-wellness-bowl-350g-2946310",
    "img": "https://productimages.coles.com.au/productimages/2/2946310.jpg",
    "price": 7.5,
    "quantity": 0.35,
    "unitPrice": 21.4
  },
  {
    "name": "Frozen Super Protein Satay Chicken with Quinoa, Chickpea & Wild Rice Mix Wellness Bowl",
    "url": "https://www.coles.com.au/product/super-nature-frozen-super-protein-satay-chicken-with-quinoa,-chickpea-&-wild-rice-mix-wellness-bowl-350g-2946659",
    "img": "https://productimages.coles.com.au/productimages/2/2946659.jpg",
    "price": 7.5,
    "quantity": 0.35,
    "unitPrice": 21.4
  },
  {
    "name": "Frozen Sri Lankan Root Vegetable And Ancient Grain Curry With Cauliflower And Brown Rice Mix Wellness Bowl",
    "url": "https://www.coles.com.au/product/super-nature-frozen-sri-lankan-root-vegetable-and-ancient-grain-curry-with-cauliflower-and-brown-rice-mix-wellness-bowl-350g-3240226",
    "img": "https://productimages.coles.com.au/productimages/3/3240226.jpg",
    "price": 7.5,
    "quantity": 0.35,
    "unitPrice": 21.4
  },
  {
    "name": "Deep South Beef Chilli",
    "url": "https://www.coles.com.au/product/core-power-foods-deep-south-beef-chilli-350g-3533938",
    "img": "https://productimages.coles.com.au/productimages/3/3533938.jpg",
    "price": 7.5,
    "quantity": 0.35,
    "unitPrice": 21.4
  },
  {
    "name": "Crunchy Satay Chicken",
    "url": "https://www.coles.com.au/product/core-power-foods-crunchy-satay-chicken-350g-3533949",
    "img": "https://productimages.coles.com.au/productimages/3/3533949.jpg",
    "price": 7.5,
    "quantity": 0.35,
    "unitPrice": 21.4
  },
  {
    "name": "Holy Meatballs Lean Beef",
    "url": "https://www.coles.com.au/product/core-power-foods-holy-meatballs-lean-beef-350g-3533993",
    "img": "https://productimages.coles.com.au/productimages/3/3533993.jpg",
    "price": 7.5,
    "quantity": 0.35,
    "unitPrice": 21.4
  },
  {
    "name": "Smokey Mountain Meatballs",
    "url": "https://www.coles.com.au/product/core-power-foods-smokey-mountain-meatballs-350g-3534001",
    "img": "https://productimages.coles.com.au/productimages/3/3534001.jpg",
    "price": 7.5,
    "quantity": 0.35,
    "unitPrice": 21.4
  },
  {
    "name": "Pasta La Vista",
    "url": "https://www.coles.com.au/product/core-power-foods-pasta-la-vista-350g-3868710",
    "img": "https://productimages.coles.com.au/productimages/3/3868710.jpg",
    "price": 7.5,
    "quantity": 0.35,
    "unitPrice": 21.4
  },
  {
    "name": "Beef Taco Bowl",
    "url": "https://www.coles.com.au/product/core-powerfoods-beef-taco-bowl-350g-3989872",
    "img": "https://productimages.coles.com.au/productimages/3/3989872.jpg",
    "price": 7.5,
    "quantity": 0.35,
    "unitPrice": 21.4
  },
  {
    "name": "Bangers And Mash",
    "url": "https://www.coles.com.au/product/core-power-foods-bangers-and-mash-350g-3989952",
    "img": "https://productimages.coles.com.au/productimages/3/3989952.jpg",
    "price": 7.5,
    "quantity": 0.35,
    "unitPrice": 21.4
  },
  {
    "name": "BBQ Mixed Grill",
    "url": "https://www.coles.com.au/product/core-powerfoods-bbq-mixed-grill-350g-5643755",
    "img": "https://productimages.coles.com.au/productimages/5/5643755.jpg",
    "price": 7.5,
    "quantity": 0.35,
    "unitPrice": 21.4
  },
  {
    "name": "Beef Tortolleni",
    "url": "https://www.coles.com.au/product/core-powerfoods-beef-tortolleni-350g-5643824",
    "img": "https://productimages.coles.com.au/productimages/5/5643824.jpg",
    "price": 7.5,
    "quantity": 0.35,
    "unitPrice": 21.4
  },
  {
    "name": "Penne Bolognese",
    "url": "https://www.coles.com.au/product/core-powerfoods-penne-bolognese-350g-7033697",
    "img": "https://productimages.coles.com.au/productimages/7/7033697.jpg",
    "price": 7.5,
    "quantity": 0.35,
    "unitPrice": 21.4
  },
  {
    "name": "Wellness Burrito Bowl",
    "url": "https://www.coles.com.au/product/super-nature-wellness-burrito-bowl-350g-7035171",
    "img": "https://productimages.coles.com.au/productimages/7/7035171.jpg",
    "price": 7.5,
    "quantity": 0.35,
    "unitPrice": 21.4
  },
  {
    "name": "Fruit Fruit Stack Sorbet Icecream 6 Pack",
    "url": "https://www.coles.com.au/product/frosty-fruit-fruit-stack-sorbet-icecream-6-pack-420ml-7085395",
    "img": "https://productimages.coles.com.au/productimages/7/7085395.jpg",
    "price": 9,
    "quantity": 0.42,
    "unitPrice": 21.4
  },
  {
    "name": "Sweet Potato Cottage Pie Meal",
    "url": "https://www.coles.com.au/product/super-nature-sweet-potato-cottage-pie-meal-350g-2409354",
    "img": "https://productimages.coles.com.au/productimages/2/2409354.jpg",
    "price": 7.5,
    "quantity": 0.35,
    "unitPrice": 21.4
  },
  {
    "name": "Chicken Pad Thai With Rice Noodles",
    "url": "https://www.coles.com.au/product/super-nature-chicken-pad-thai-with-rice-noodles-350g-2742397",
    "img": "https://productimages.coles.com.au/productimages/2/2742397.jpg",
    "price": 7.5,
    "quantity": 0.35,
    "unitPrice": 21.4
  },
  {
    "name": "Frozen Super Green Chickpea Curry with Quinoa  and Brown Rice Wellness Bowl",
    "url": "https://www.coles.com.au/product/super-nature-frozen-super-green-chickpea-curry-with-quinoa--and-brown-rice-wellness-bowl-350g-2944846",
    "img": "https://productimages.coles.com.au/productimages/2/2944846.jpg",
    "price": 7.5,
    "quantity": 0.35,
    "unitPrice": 21.4
  },
  {
    "name": "Frozen Wholegrain Butter Chicken With Freekeh Ancient Grain Mix Wellness Bowl",
    "url": "https://www.coles.com.au/product/super-nature-frozen-wholegrain-butter-chicken-with-freekeh-ancient-grain-mix-wellness-bowl-350g-2946310",
    "img": "https://productimages.coles.com.au/productimages/2/2946310.jpg",
    "price": 7.5,
    "quantity": 0.35,
    "unitPrice": 21.4
  },
  {
    "name": "Frozen Super Protein Satay Chicken with Quinoa, Chickpea & Wild Rice Mix Wellness Bowl",
    "url": "https://www.coles.com.au/product/super-nature-frozen-super-protein-satay-chicken-with-quinoa,-chickpea-&-wild-rice-mix-wellness-bowl-350g-2946659",
    "img": "https://productimages.coles.com.au/productimages/2/2946659.jpg",
    "price": 7.5,
    "quantity": 0.35,
    "unitPrice": 21.4
  },
  {
    "name": "Frozen Sri Lankan Root Vegetable And Ancient Grain Curry With Cauliflower And Brown Rice Mix Wellness Bowl",
    "url": "https://www.coles.com.au/product/super-nature-frozen-sri-lankan-root-vegetable-and-ancient-grain-curry-with-cauliflower-and-brown-rice-mix-wellness-bowl-350g-3240226",
    "img": "https://productimages.coles.com.au/productimages/3/3240226.jpg",
    "price": 7.5,
    "quantity": 0.35,
    "unitPrice": 21.4
  },
  {
    "name": "Deep South Beef Chilli",
    "url": "https://www.coles.com.au/product/core-power-foods-deep-south-beef-chilli-350g-3533938",
    "img": "https://productimages.coles.com.au/productimages/3/3533938.jpg",
    "price": 7.5,
    "quantity": 0.35,
    "unitPrice": 21.4
  },
  {
    "name": "Crunchy Satay Chicken",
    "url": "https://www.coles.com.au/product/core-power-foods-crunchy-satay-chicken-350g-3533949",
    "img": "https://productimages.coles.com.au/productimages/3/3533949.jpg",
    "price": 7.5,
    "quantity": 0.35,
    "unitPrice": 21.4
  },
  {
    "name": "Holy Meatballs Lean Beef",
    "url": "https://www.coles.com.au/product/core-power-foods-holy-meatballs-lean-beef-350g-3533993",
    "img": "https://productimages.coles.com.au/productimages/3/3533993.jpg",
    "price": 7.5,
    "quantity": 0.35,
    "unitPrice": 21.4
  },
  {
    "name": "Smokey Mountain Meatballs",
    "url": "https://www.coles.com.au/product/core-power-foods-smokey-mountain-meatballs-350g-3534001",
    "img": "https://productimages.coles.com.au/productimages/3/3534001.jpg",
    "price": 7.5,
    "quantity": 0.35,
    "unitPrice": 21.4
  },
  {
    "name": "Pasta La Vista",
    "url": "https://www.coles.com.au/product/core-power-foods-pasta-la-vista-350g-3868710",
    "img": "https://productimages.coles.com.au/productimages/3/3868710.jpg",
    "price": 7.5,
    "quantity": 0.35,
    "unitPrice": 21.4
  },
  {
    "name": "Beef Taco Bowl",
    "url": "https://www.coles.com.au/product/core-powerfoods-beef-taco-bowl-350g-3989872",
    "img": "https://productimages.coles.com.au/productimages/3/3989872.jpg",
    "price": 7.5,
    "quantity": 0.35,
    "unitPrice": 21.4
  },
  {
    "name": "Bangers And Mash",
    "url": "https://www.coles.com.au/product/core-power-foods-bangers-and-mash-350g-3989952",
    "img": "https://productimages.coles.com.au/productimages/3/3989952.jpg",
    "price": 7.5,
    "quantity": 0.35,
    "unitPrice": 21.4
  },
  {
    "name": "BBQ Mixed Grill",
    "url": "https://www.coles.com.au/product/core-powerfoods-bbq-mixed-grill-350g-5643755",
    "img": "https://productimages.coles.com.au/productimages/5/5643755.jpg",
    "price": 7.5,
    "quantity": 0.35,
    "unitPrice": 21.4
  },
  {
    "name": "Beef Tortolleni",
    "url": "https://www.coles.com.au/product/core-powerfoods-beef-tortolleni-350g-5643824",
    "img": "https://productimages.coles.com.au/productimages/5/5643824.jpg",
    "price": 7.5,
    "quantity": 0.35,
    "unitPrice": 21.4
  },
  {
    "name": "Penne Bolognese",
    "url": "https://www.coles.com.au/product/core-powerfoods-penne-bolognese-350g-7033697",
    "img": "https://productimages.coles.com.au/productimages/7/7033697.jpg",
    "price": 7.5,
    "quantity": 0.35,
    "unitPrice": 21.4
  },
  {
    "name": "Wellness Burrito Bowl",
    "url": "https://www.coles.com.au/product/super-nature-wellness-burrito-bowl-350g-7035171",
    "img": "https://productimages.coles.com.au/productimages/7/7035171.jpg",
    "price": 7.5,
    "quantity": 0.35,
    "unitPrice": 21.4
  },
  {
    "name": "Fruit Fruit Stack Sorbet Icecream 6 Pack",
    "url": "https://www.coles.com.au/product/frosty-fruit-fruit-stack-sorbet-icecream-6-pack-420ml-7085395",
    "img": "https://productimages.coles.com.au/productimages/7/7085395.jpg",
    "price": 9,
    "quantity": 0.42,
    "unitPrice": 21.4
  },
  {
    "name": "Capilano 100% Pure Australian Honey Twist & Squeeze",
    "url": "https://www.woolworths.com.au/shop/productdetails/802008",
    "img": "https://cdn0.woolworths.media/content/wowproductimages/medium/802008.jpg",
    "price": 4.7,
    "quantity": 0.22,
    "unitPrice": 21.4
  },
  {
    "name": "Kellogg's Sultana Bran Gluten Free Breakfast Cereal",
    "url": "https://www.woolworths.com.au/shop/productdetails/151868",
    "img": "https://cdn0.woolworths.media/content/wowproductimages/medium/151868.jpg",
    "price": 7.5,
    "quantity": 0.35,
    "unitPrice": 21.4
  },
  {
    "name": "Mingle Better Tangy Tomato Sauce Pouch",
    "url": "https://www.woolworths.com.au/shop/productdetails/170497",
    "img": "https://cdn0.woolworths.media/content/wowproductimages/medium/170497.jpg",
    "price": 5.35,
    "quantity": 0.25,
    "unitPrice": 21.4
  },
  {
    "name": "Mingle Better Tangy Bbq Sauce Pouch",
    "url": "https://www.woolworths.com.au/shop/productdetails/171282",
    "img": "https://cdn0.woolworths.media/content/wowproductimages/medium/171282.jpg",
    "price": 5.35,
    "quantity": 0.25,
    "unitPrice": 21.4
  },
  {
    "name": "Chopped Kale",
    "url": "https://www.coles.com.au/product/coles-chopped-kale-140g-2674606",
    "img": "https://productimages.coles.com.au/productimages/2/2674606.jpg",
    "price": 3,
    "quantity": 0.14,
    "unitPrice": 21.43
  },
  {
    "name": "Crumbed Fish Bites Salt & Pepper",
    "url": "https://www.coles.com.au/product/coles-crumbed-fish-bites-salt-&-pepper-280g-5528870",
    "img": "https://productimages.coles.com.au/productimages/5/5528870.jpg",
    "price": 6,
    "quantity": 0.28,
    "unitPrice": 21.43
  },
  {
    "name": "Crumbed Fish Bites Salt & Pepper",
    "url": "https://www.coles.com.au/product/coles-crumbed-fish-bites-salt-&-pepper-280g-5528870",
    "img": "https://productimages.coles.com.au/productimages/5/5528870.jpg",
    "price": 6,
    "quantity": 0.28,
    "unitPrice": 21.43
  },
  {
    "name": "Woolworths Cook Italian Style Beef & Pork Tomato Ragu",
    "url": "https://www.woolworths.com.au/shop/productdetails/189416",
    "img": "https://cdn0.woolworths.media/content/wowproductimages/medium/189416.jpg",
    "price": 15,
    "quantity": 0.7,
    "unitPrice": 21.43
  },
  {
    "name": "Thawed Squid Tubes",
    "url": "https://www.coles.com.au/product/coles-deli-thawed-squid-tubes-approx.-250g-5936593",
    "img": "https://productimages.coles.com.au/productimages/5/5936593.jpg",
    "price": 5.38,
    "quantity": 0.25,
    "unitPrice": 21.5
  },
  {
    "name": "White Backed Black Whole Fungus",
    "url": "https://www.coles.com.au/product/jade-phoenix-white-backed-black-whole-fungus-100g-1385057",
    "img": "https://productimages.coles.com.au/productimages/1/1385057.jpg",
    "price": 2.15,
    "quantity": 0.1,
    "unitPrice": 21.5
  },
  {
    "name": "Blossom Beancurd Stick",
    "url": "https://www.coles.com.au/product/plum-blossom-beancurd-stick-200g-4476319",
    "img": "https://productimages.coles.com.au/productimages/4/4476319.jpg",
    "price": 4.3,
    "quantity": 0.2,
    "unitPrice": 21.5
  },
  {
    "name": "Thawed Squid Tubes",
    "url": "https://www.coles.com.au/product/coles-deli-thawed-squid-tubes-approx.-250g-5936593",
    "img": "https://productimages.coles.com.au/productimages/5/5936593.jpg",
    "price": 5.38,
    "quantity": 0.25,
    "unitPrice": 21.5
  },
  {
    "name": "Thawed Squid Tubes",
    "url": "https://www.coles.com.au/product/coles-deli-thawed-squid-tubes-approx.-250g-5936593",
    "img": "https://productimages.coles.com.au/productimages/5/5936593.jpg",
    "price": 5.38,
    "quantity": 0.25,
    "unitPrice": 21.5
  },
  {
    "name": "Grand Italian Gitf 4 Cheese Tortellini Tortellini",
    "url": "https://www.woolworths.com.au/shop/productdetails/238297",
    "img": "https://cdn0.woolworths.media/content/wowproductimages/medium/238297.jpg",
    "price": 7,
    "quantity": 0.325,
    "unitPrice": 21.5
  },
  {
    "name": "Grand Italian Tuscans Finest Slow Cooked Angus Beef Ravioli",
    "url": "https://www.woolworths.com.au/shop/productdetails/238393",
    "img": "https://cdn0.woolworths.media/content/wowproductimages/medium/238393.jpg",
    "price": 7,
    "quantity": 0.325,
    "unitPrice": 21.5
  },
  {
    "name": "Grand Italian Tuscans Finest Veal Ravioli",
    "url": "https://www.woolworths.com.au/shop/productdetails/238206",
    "img": "https://cdn0.woolworths.media/content/wowproductimages/medium/238206.jpg",
    "price": 7,
    "quantity": 0.325,
    "unitPrice": 21.5
  },
  {
    "name": "Grand Italian Tuscans Finest Creamy Ricotta Spinach Agnolotti",
    "url": "https://www.woolworths.com.au/shop/productdetails/238292",
    "img": "https://cdn0.woolworths.media/content/wowproductimages/medium/238292.jpg",
    "price": 7,
    "quantity": 0.325,
    "unitPrice": 21.5
  },
  {
    "name": "Grand Italian Ravioli Protein Pasta Beef",
    "url": "https://www.woolworths.com.au/shop/productdetails/349201",
    "img": "https://cdn0.woolworths.media/content/wowproductimages/medium/349201.jpg",
    "price": 7,
    "quantity": 0.325,
    "unitPrice": 21.5
  },
  {
    "name": "Woolworths Cook Slow Cooked Pork Ribs In Smokey Bbq Sauce",
    "url": "https://www.woolworths.com.au/shop/productdetails/697369",
    "img": "https://cdn0.woolworths.media/content/wowproductimages/medium/697369.jpg",
    "price": 14,
    "quantity": 0.65,
    "unitPrice": 21.54
  },
  {
    "name": "Short Cut Bacon",
    "url": "https://www.coles.com.au/product/primo-short-cut-bacon-1-kg-3055519",
    "img": "https://productimages.coles.com.au/productimages/3/3055519.jpg",
    "price": 21.6,
    "quantity": 1,
    "unitPrice": 21.6
  },
  {
    "name": "Gourmet Porridge Apple Sultana & Cinnamon Sachets 8 pack",
    "url": "https://www.coles.com.au/product/carman's-gourmet-porridge-apple-sultana-&-cinnamon-sachets-8-pack-320g-1736763",
    "img": "https://productimages.coles.com.au/productimages/1/1736763.jpg",
    "price": 6.9,
    "quantity": 0.32,
    "unitPrice": 21.6
  },
  {
    "name": "Gourmet Porridge Sachet Super Berry & Coconut",
    "url": "https://www.coles.com.au/product/carman's-gourmet-porridge-sachet-super-berry-&-coconut-320g-2390700",
    "img": "https://productimages.coles.com.au/productimages/2/2390700.jpg",
    "price": 6.9,
    "quantity": 0.32,
    "unitPrice": 21.6
  },
  {
    "name": "Gourmet Porridge Sachet with Honey Vanilla & Cinnamon",
    "url": "https://www.coles.com.au/product/carman's-gourmet-porridge-sachet-with-honey-vanilla-&-cinnamon-320g-2877090",
    "img": "https://productimages.coles.com.au/productimages/2/2877090.jpg",
    "price": 6.9,
    "quantity": 0.32,
    "unitPrice": 21.6
  },
  {
    "name": "Natural 5 Grain & Super Seed Gourmet Porridge Sachets",
    "url": "https://www.coles.com.au/product/carman's-natural-5-grain-&-super-seed-gourmet-porridge-sachets-320g-2877104",
    "img": "https://productimages.coles.com.au/productimages/2/2877104.jpg",
    "price": 6.9,
    "quantity": 0.32,
    "unitPrice": 21.6
  },
  {
    "name": "Gourmet Porridge Almond Pecan & Hazelnut",
    "url": "https://www.coles.com.au/product/carmans-gourmet-porridge-almond-pecan-&-hazelnut-320g-3185343",
    "img": "https://productimages.coles.com.au/productimages/3/3185343.jpg",
    "price": 6.9,
    "quantity": 0.32,
    "unitPrice": 21.6
  },
  {
    "name": "Gourmet Porridge Sachets Raspberry & Vanilla",
    "url": "https://www.coles.com.au/product/carman's-gourmet-porridge-sachets-raspberry-&-vanilla-320g-4964855",
    "img": "https://productimages.coles.com.au/productimages/4/4964855.jpg",
    "price": 6.9,
    "quantity": 0.32,
    "unitPrice": 21.6
  },
  {
    "name": "Gourmet Porridge Apple Sultana & Cinnamon Sachets 8 pack",
    "url": "https://www.coles.com.au/product/carman's-gourmet-porridge-apple-sultana-&-cinnamon-sachets-8-pack-320g-1736763",
    "img": "https://productimages.coles.com.au/productimages/1/1736763.jpg",
    "price": 6.9,
    "quantity": 0.32,
    "unitPrice": 21.6
  },
  {
    "name": "Gourmet Porridge Sachet Super Berry & Coconut",
    "url": "https://www.coles.com.au/product/carman's-gourmet-porridge-sachet-super-berry-&-coconut-320g-2390700",
    "img": "https://productimages.coles.com.au/productimages/2/2390700.jpg",
    "price": 6.9,
    "quantity": 0.32,
    "unitPrice": 21.6
  },
  {
    "name": "Gourmet Porridge Sachet with Honey Vanilla & Cinnamon",
    "url": "https://www.coles.com.au/product/carman's-gourmet-porridge-sachet-with-honey-vanilla-&-cinnamon-320g-2877090",
    "img": "https://productimages.coles.com.au/productimages/2/2877090.jpg",
    "price": 6.9,
    "quantity": 0.32,
    "unitPrice": 21.6
  },
  {
    "name": "Natural 5 Grain & Super Seed Gourmet Porridge Sachets",
    "url": "https://www.coles.com.au/product/carman's-natural-5-grain-&-super-seed-gourmet-porridge-sachets-320g-2877104",
    "img": "https://productimages.coles.com.au/productimages/2/2877104.jpg",
    "price": 6.9,
    "quantity": 0.32,
    "unitPrice": 21.6
  },
  {
    "name": "Gourmet Porridge Almond Pecan & Hazelnut",
    "url": "https://www.coles.com.au/product/carmans-gourmet-porridge-almond-pecan-&-hazelnut-320g-3185343",
    "img": "https://productimages.coles.com.au/productimages/3/3185343.jpg",
    "price": 6.9,
    "quantity": 0.32,
    "unitPrice": 21.6
  },
  {
    "name": "Gourmet Porridge Sachets Raspberry & Vanilla",
    "url": "https://www.coles.com.au/product/carman's-gourmet-porridge-sachets-raspberry-&-vanilla-320g-4964855",
    "img": "https://productimages.coles.com.au/productimages/4/4964855.jpg",
    "price": 6.9,
    "quantity": 0.32,
    "unitPrice": 21.6
  },
  {
    "name": "Malaysian Rendang Curry Paste",
    "url": "https://www.coles.com.au/product/ayam-malaysian-rendang-curry-paste-185g-2001398",
    "img": "https://productimages.coles.com.au/productimages/2/2001398.jpg",
    "price": 4,
    "quantity": 0.185,
    "unitPrice": 21.6
  },
  {
    "name": "Thai Yellow Curry Paste",
    "url": "https://www.coles.com.au/product/ayam-thai-yellow-curry-paste-185g-2001423",
    "img": "https://productimages.coles.com.au/productimages/2/2001423.jpg",
    "price": 4,
    "quantity": 0.185,
    "unitPrice": 21.6
  },
  {
    "name": "Thai Fried Rice Paste",
    "url": "https://www.coles.com.au/product/ayam-thai-fried-rice-paste-185g-3753683",
    "img": "https://productimages.coles.com.au/productimages/3/3753683.jpg",
    "price": 4,
    "quantity": 0.185,
    "unitPrice": 21.6
  },
  {
    "name": "Malaysian Laksa Soup Paste",
    "url": "https://www.coles.com.au/product/ayam-malaysian-laksa-soup-paste-185g-6801115",
    "img": "https://productimages.coles.com.au/productimages/6/6801115.jpg",
    "price": 4,
    "quantity": 0.185,
    "unitPrice": 21.6
  },
  {
    "name": "White Corn Tortillas Tacos 10 Pack",
    "url": "https://www.coles.com.au/product/old-el-paso-white-corn-tortillas-tacos-10-pack-208g-4322563",
    "img": "https://productimages.coles.com.au/productimages/4/4322563.jpg",
    "price": 4.5,
    "quantity": 0.208,
    "unitPrice": 21.6
  },
  {
    "name": "Pure Ghee",
    "url": "https://www.coles.com.au/product/sabrini-pure-ghee-850g-4339103",
    "img": "https://productimages.coles.com.au/productimages/4/4339103.jpg",
    "price": 18.4,
    "quantity": 0.85,
    "unitPrice": 21.6
  },
  {
    "name": "Kellogg's Rice Bubbles Puffed Rice Breakfast Cereal",
    "url": "https://www.woolworths.com.au/shop/productdetails/701719",
    "img": "https://cdn0.woolworths.media/content/wowproductimages/medium/701719.jpg",
    "price": 5.4,
    "quantity": 0.25,
    "unitPrice": 21.6
  },
  {
    "name": "Green's Temptations Chocolate Mousse Mix",
    "url": "https://www.woolworths.com.au/shop/productdetails/240657",
    "img": "https://cdn0.woolworths.media/content/wowproductimages/medium/240657.jpg",
    "price": 4,
    "quantity": 0.185,
    "unitPrice": 21.6
  },
  {
    "name": "Malaysian Paste Nasi Goreng",
    "url": "https://www.coles.com.au/product/ayam-malaysian-paste-nasi-goreng-185g-2001401",
    "img": "https://productimages.coles.com.au/productimages/2/2001401.jpg",
    "price": 4,
    "quantity": 0.185,
    "unitPrice": 21.62
  },
  {
    "name": "Sliced Vitamin D Mushrooms",
    "url": "https://www.coles.com.au/product/coles-sliced-vitamin-d-mushrooms-300g-2408646",
    "img": "https://productimages.coles.com.au/productimages/2/2408646.jpg",
    "price": 6.5,
    "quantity": 0.3,
    "unitPrice": 21.67
  },
  {
    "name": "Lime & Coconut Hoki Fillet",
    "url": "https://www.coles.com.au/product/sealord-lime-&-coconut-hoki-fillet-300g-4506715",
    "img": "https://productimages.coles.com.au/productimages/4/4506715.jpg",
    "price": 6.5,
    "quantity": 0.3,
    "unitPrice": 21.67
  },
  {
    "name": "Hoki Fillets Wholemeal",
    "url": "https://www.coles.com.au/product/sealord-hoki-fillets-wholemeal-300g-4506759",
    "img": "https://productimages.coles.com.au/productimages/4/4506759.jpg",
    "price": 6.5,
    "quantity": 0.3,
    "unitPrice": 21.67
  },
  {
    "name": "Hoki Fillet 3 Seed Crumb",
    "url": "https://www.coles.com.au/product/sealord-hoki-fillet-3-seed-crumb-300g-4506781",
    "img": "https://productimages.coles.com.au/productimages/4/4506781.jpg",
    "price": 6.5,
    "quantity": 0.3,
    "unitPrice": 21.67
  },
  {
    "name": "Hoki Parmesan & Rosemary",
    "url": "https://www.coles.com.au/product/sealord-hoki-parmesan-&-rosemary-300g-4506792",
    "img": "https://productimages.coles.com.au/productimages/4/4506792.jpg",
    "price": 6.5,
    "quantity": 0.3,
    "unitPrice": 21.67
  },
  {
    "name": "Crumbed Pork Schnitzel",
    "url": "https://www.coles.com.au/product/coles-crumbed-pork-schnitzel-300g-3478308",
    "img": "https://productimages.coles.com.au/productimages/3/3478308.jpg",
    "price": 6.5,
    "quantity": 0.3,
    "unitPrice": 21.67
  },
  {
    "name": "Pork Scotch Fillet Steak",
    "url": "https://www.coles.com.au/product/coles-pork-scotch-fillet-steak-300g-6135691",
    "img": "https://productimages.coles.com.au/productimages/6/6135691.jpg",
    "price": 6.5,
    "quantity": 0.3,
    "unitPrice": 21.67
  },
  {
    "name": "Pork Bites Sticky Nashville BBQ Sauce",
    "url": "https://www.coles.com.au/product/coles-pork-bites-sticky-nashville-bbq-sauce-600g-6409108",
    "img": "https://productimages.coles.com.au/productimages/6/6409108.jpg",
    "price": 13,
    "quantity": 0.6,
    "unitPrice": 21.67
  },
  {
    "name": "Made Easy Mushroom & Chicken Wellington Roast",
    "url": "https://www.coles.com.au/product/coles-made-easy-mushroom-&-chicken-wellington-roast-600g-6413900",
    "img": "https://productimages.coles.com.au/productimages/6/6413900.jpg",
    "price": 13,
    "quantity": 0.6,
    "unitPrice": 21.67
  },
  {
    "name": "Crumbed Pork Schnitzel",
    "url": "https://www.coles.com.au/product/coles-crumbed-pork-schnitzel-300g-3478308",
    "img": "https://productimages.coles.com.au/productimages/3/3478308.jpg",
    "price": 6.5,
    "quantity": 0.3,
    "unitPrice": 21.67
  },
  {
    "name": "Pork Scotch Fillet Steak",
    "url": "https://www.coles.com.au/product/coles-pork-scotch-fillet-steak-300g-6135691",
    "img": "https://productimages.coles.com.au/productimages/6/6135691.jpg",
    "price": 6.5,
    "quantity": 0.3,
    "unitPrice": 21.67
  },
  {
    "name": "Froot Loops Breakfast Cereal",
    "url": "https://www.coles.com.au/product/kellogg's-froot-loops-breakfast-cereal-460g-5103248",
    "img": "https://productimages.coles.com.au/productimages/5/5103248.jpg",
    "price": 10,
    "quantity": 0.46,
    "unitPrice": 21.7
  },
  {
    "name": "Froot Loops Breakfast Cereal",
    "url": "https://www.coles.com.au/product/kellogg's-froot-loops-breakfast-cereal-460g-5103248",
    "img": "https://productimages.coles.com.au/productimages/5/5103248.jpg",
    "price": 10,
    "quantity": 0.46,
    "unitPrice": 21.7
  },
  {
    "name": "Frozen Gluten Free Nuggets With Rice Protein & Chia",
    "url": "https://www.coles.com.au/product/fry's-frozen-gluten-free-nuggets-with-rice-protein-&-chia-240g-2750034",
    "img": "https://productimages.coles.com.au/productimages/2/2750034.jpg",
    "price": 5.2,
    "quantity": 0.24,
    "unitPrice": 21.7
  },
  {
    "name": "Frozen Chicken & Mushroom Fettuccine",
    "url": "https://www.coles.com.au/product/weight-watchers-frozen-chicken-&-mushroom-fettuccine-300g-8071046",
    "img": "https://productimages.coles.com.au/productimages/8/8071046.jpg",
    "price": 6.5,
    "quantity": 0.3,
    "unitPrice": 21.7
  },
  {
    "name": "Frozen Gluten Free Nuggets With Rice Protein & Chia",
    "url": "https://www.coles.com.au/product/fry's-frozen-gluten-free-nuggets-with-rice-protein-&-chia-240g-2750034",
    "img": "https://productimages.coles.com.au/productimages/2/2750034.jpg",
    "price": 5.2,
    "quantity": 0.24,
    "unitPrice": 21.7
  },
  {
    "name": "Kellogg's Froot Loops Breakfast Cereal",
    "url": "https://www.woolworths.com.au/shop/productdetails/202952",
    "img": "https://cdn0.woolworths.media/content/wowproductimages/medium/202952.jpg",
    "price": 10,
    "quantity": 0.46,
    "unitPrice": 21.7
  },
  {
    "name": "White Wings Dessert Mix Chocolate Profiteroles",
    "url": "https://www.woolworths.com.au/shop/productdetails/785336",
    "img": "https://cdn0.woolworths.media/content/wowproductimages/medium/785336.jpg",
    "price": 5,
    "quantity": 0.23,
    "unitPrice": 21.7
  },
  {
    "name": "Mozzarella Cheese Block",
    "url": "https://www.coles.com.au/product/cheer-mozzarella-cheese-block-500g-4387627",
    "img": "https://productimages.coles.com.au/productimages/4/4387627.jpg",
    "price": 10.9,
    "quantity": 0.5,
    "unitPrice": 21.8
  },
  {
    "name": "Tasty Light Cheese Block",
    "url": "https://www.coles.com.au/product/cheer-tasty-light-cheese-block-500g-5080812",
    "img": "https://productimages.coles.com.au/productimages/5/5080812.jpg",
    "price": 10.9,
    "quantity": 0.5,
    "unitPrice": 21.8
  },
  {
    "name": "Kids Greek Vanilla Yoghurt Pouch",
    "url": "https://www.coles.com.au/product/tamar-valley-kids-greek-vanilla-yoghurt-pouch-110g-2744348",
    "img": "https://productimages.coles.com.au/productimages/2/2744348.jpg",
    "price": 2.4,
    "quantity": 0.11,
    "unitPrice": 21.8
  },
  {
    "name": "Kids Greek Strawberry Yoghurt Pouch",
    "url": "https://www.coles.com.au/product/tamar-valley-kids-greek-strawberry-yoghurt-pouch-110g-2744359",
    "img": "https://productimages.coles.com.au/productimages/2/2744359.jpg",
    "price": 2.4,
    "quantity": 0.11,
    "unitPrice": 21.8
  },
  {
    "name": "Kids Natural Greek Tropical Yoghurt Pouch",
    "url": "https://www.coles.com.au/product/tamar-valley-kids-natural-greek-tropical-yoghurt-pouch-110g-2744360",
    "img": "https://productimages.coles.com.au/productimages/2/2744360.jpg",
    "price": 2.4,
    "quantity": 0.11,
    "unitPrice": 21.8
  },
  {
    "name": "Kids Greek Blueberry Yoghurt Pouch",
    "url": "https://www.coles.com.au/product/tamar-valley-kids-greek-blueberry-yoghurt-pouch-110g-3089157",
    "img": "https://productimages.coles.com.au/productimages/3/3089157.jpg",
    "price": 2.4,
    "quantity": 0.11,
    "unitPrice": 21.8
  },
  {
    "name": "Kids Greek Natural Raspberry Yoghurt Pouch",
    "url": "https://www.coles.com.au/product/tamar-valley-kids-greek-natural-raspberry-yoghurt-pouch-110g-3245570",
    "img": "https://productimages.coles.com.au/productimages/3/3245570.jpg",
    "price": 2.4,
    "quantity": 0.11,
    "unitPrice": 21.8
  },
  {
    "name": "Kids Greek Pouch Yoghurt",
    "url": "https://www.coles.com.au/product/tamar-valley-kids-greek-pouch-yoghurt-110g-3539526",
    "img": "https://productimages.coles.com.au/productimages/3/3539526.jpg",
    "price": 2.4,
    "quantity": 0.11,
    "unitPrice": 21.8
  },
  {
    "name": "Ready Sauce Coconut Curry Vegetables",
    "url": "https://www.coles.com.au/product/lee-kum-kee-ready-sauce-coconut-curry-vegetables-110g-6803799",
    "img": "https://productimages.coles.com.au/productimages/6/6803799.jpg",
    "price": 2.4,
    "quantity": 0.11,
    "unitPrice": 21.8
  },
  {
    "name": "Wagyu Beef Massaman Curry 2 Pack",
    "url": "https://www.coles.com.au/product/herbert-adams-wagyu-beef-massaman-curry-2-pack-400g-6514689",
    "img": "https://productimages.coles.com.au/productimages/6/6514689.jpg",
    "price": 8.7,
    "quantity": 0.4,
    "unitPrice": 21.8
  },
  {
    "name": "Wagyu Beef Five Spice 2 Pack",
    "url": "https://www.coles.com.au/product/herbert-adams-wagyu-beef-five-spice-2-pack-400g-6514690",
    "img": "https://productimages.coles.com.au/productimages/6/6514690.jpg",
    "price": 8.7,
    "quantity": 0.4,
    "unitPrice": 21.8
  },
  {
    "name": "Tonight Dough Ice Cream Tub",
    "url": "https://www.coles.com.au/product/ben-&-jerry's-tonight-dough-ice-cream-tub-458ml-2750930",
    "img": "https://productimages.coles.com.au/productimages/2/2750930.jpg",
    "price": 10,
    "quantity": 0.458,
    "unitPrice": 21.8
  },
  {
    "name": "Half Baked Ice Cream Tub",
    "url": "https://www.coles.com.au/product/ben-&-jerry's-half-baked-ice-cream-tub-458ml-3713328",
    "img": "https://productimages.coles.com.au/productimages/3/3713328.jpg",
    "price": 10,
    "quantity": 0.458,
    "unitPrice": 21.8
  },
  {
    "name": "Non Dairy Choc Chip Cookie Dough",
    "url": "https://www.coles.com.au/product/ben-&-jerry's-non-dairy-choc-chip-cookie-dough-458ml-3713350",
    "img": "https://productimages.coles.com.au/productimages/3/3713350.jpg",
    "price": 10,
    "quantity": 0.458,
    "unitPrice": 21.8
  },
  {
    "name": "Chocolate Fudge Brownie Ice Cream Tub",
    "url": "https://www.coles.com.au/product/ben-&-jerry's-chocolate-fudge-brownie-ice-cream-tub-458ml-7806090",
    "img": "https://productimages.coles.com.au/productimages/7/7806090.jpg",
    "price": 10,
    "quantity": 0.458,
    "unitPrice": 21.8
  },
  {
    "name": "Chocolate Chip Cookie Dough Ice Cream Tub",
    "url": "https://www.coles.com.au/product/ben-&-jerry's-chocolate-chip-cookie-dough-ice-cream-tub-458ml-7806125",
    "img": "https://productimages.coles.com.au/productimages/7/7806125.jpg",
    "price": 10,
    "quantity": 0.458,
    "unitPrice": 21.8
  },
  {
    "name": "Phish Food Ice Cream Tub",
    "url": "https://www.coles.com.au/product/ben-&-jerry's-phish-food-ice-cream-tub-458ml-7806748",
    "img": "https://productimages.coles.com.au/productimages/7/7806748.jpg",
    "price": 10,
    "quantity": 0.458,
    "unitPrice": 21.8
  },
  {
    "name": "Tamar Valley Dairy Kids Greek Yoghurt Pouch Strawberry",
    "url": "https://www.woolworths.com.au/shop/productdetails/508827",
    "img": "https://cdn0.woolworths.media/content/wowproductimages/medium/508827.jpg",
    "price": 2.4,
    "quantity": 0.11,
    "unitPrice": 21.8
  },
  {
    "name": "Tamar Valley Dairy Kids Greek Yoghurt Pouch Vanilla",
    "url": "https://www.woolworths.com.au/shop/productdetails/508826",
    "img": "https://cdn0.woolworths.media/content/wowproductimages/medium/508826.jpg",
    "price": 2.4,
    "quantity": 0.11,
    "unitPrice": 21.8
  },
  {
    "name": "Tamar Valley Dairy Kids Greek Yoghurt Pouch Blueberry",
    "url": "https://www.woolworths.com.au/shop/productdetails/660435",
    "img": "https://cdn0.woolworths.media/content/wowproductimages/medium/660435.jpg",
    "price": 2.4,
    "quantity": 0.11,
    "unitPrice": 21.8
  },
  {
    "name": "Tamar Valley Dairy Kids Greek Yoghurt Pouch Tropical",
    "url": "https://www.woolworths.com.au/shop/productdetails/509491",
    "img": "https://cdn0.woolworths.media/content/wowproductimages/medium/509491.jpg",
    "price": 2.4,
    "quantity": 0.11,
    "unitPrice": 21.8
  },
  {
    "name": "Tamar Valley Dairy Kids Greek Yoghurt Pouch Raspberry",
    "url": "https://www.woolworths.com.au/shop/productdetails/862414",
    "img": "https://cdn0.woolworths.media/content/wowproductimages/medium/862414.jpg",
    "price": 2.4,
    "quantity": 0.11,
    "unitPrice": 21.8
  },
  {
    "name": "Easiyo Yogurt Base Summer Fruits",
    "url": "https://www.woolworths.com.au/shop/productdetails/351929",
    "img": "https://cdn0.woolworths.media/content/wowproductimages/medium/351929.jpg",
    "price": 4.9,
    "quantity": 0.225,
    "unitPrice": 21.8
  },
  {
    "name": "Lee Kum Kee Paste Coconut Curry Vegetables",
    "url": "https://www.woolworths.com.au/shop/productdetails/324755",
    "img": "https://cdn0.woolworths.media/content/wowproductimages/medium/324755.jpg",
    "price": 2.4,
    "quantity": 0.11,
    "unitPrice": 21.8
  },
  {
    "name": "Cherry Bocconcini",
    "url": "https://www.coles.com.au/product/coles-cherry-bocconcini-220g-7781192",
    "img": "https://productimages.coles.com.au/productimages/7/7781192.jpg",
    "price": 4.8,
    "quantity": 0.22,
    "unitPrice": 21.82
  },
  {
    "name": "Woolworths Yellow Fin Tuna In Olive Oil",
    "url": "https://www.woolworths.com.au/shop/productdetails/194212",
    "img": "https://cdn0.woolworths.media/content/wowproductimages/medium/194212.jpg",
    "price": 3.5,
    "quantity": 0.16,
    "unitPrice": 21.88
  },
  {
    "name": "Woolworths Yellowfin Tuna Olive Oil With Garlic & Herbs",
    "url": "https://www.woolworths.com.au/shop/productdetails/194215",
    "img": "https://cdn0.woolworths.media/content/wowproductimages/medium/194215.jpg",
    "price": 3.5,
    "quantity": 0.16,
    "unitPrice": 21.88
  },
  {
    "name": "Woolworths Yellowfin Tuna Olive Oil With Red Chilli",
    "url": "https://www.woolworths.com.au/shop/productdetails/194213",
    "img": "https://cdn0.woolworths.media/content/wowproductimages/medium/194213.jpg",
    "price": 3.5,
    "quantity": 0.16,
    "unitPrice": 21.88
  },
  {
    "name": "High Protein Pud Chocolate",
    "url": "https://www.coles.com.au/product/fancy-plants-high-protein-pud-chocolate-160g-6098256",
    "img": "https://productimages.coles.com.au/productimages/6/6098256.jpg",
    "price": 3.5,
    "quantity": 0.16,
    "unitPrice": 21.9
  },
  {
    "name": "High Protein Pud Salted Caramel",
    "url": "https://www.coles.com.au/product/fancy-plants-high-protein-pud-salted-caramel-160g-6098267",
    "img": "https://productimages.coles.com.au/productimages/6/6098267.jpg",
    "price": 3.5,
    "quantity": 0.16,
    "unitPrice": 21.9
  },
  {
    "name": "Chilli Sauce With Diced Chicken",
    "url": "https://www.coles.com.au/product/laoganma-chilli-sauce-with-diced-chicken-210g-3739718",
    "img": "https://productimages.coles.com.au/productimages/3/3739718.jpg",
    "price": 4.6,
    "quantity": 0.21,
    "unitPrice": 21.9
  },
  {
    "name": "Frozen Chicken Kiev",
    "url": "https://www.coles.com.au/product/on-the-menu-frozen-chicken-kiev-320g-2414671",
    "img": "https://productimages.coles.com.au/productimages/2/2414671.jpg",
    "price": 7,
    "quantity": 0.32,
    "unitPrice": 21.9
  },
  {
    "name": "Frozen Beer Battered Fish & Chips",
    "url": "https://www.coles.com.au/product/on-the-menu-frozen-beer-battered-fish-&-chips-320g-2946262",
    "img": "https://productimages.coles.com.au/productimages/2/2946262.jpg",
    "price": 7,
    "quantity": 0.32,
    "unitPrice": 21.9
  },
  {
    "name": "Slow Cooked Lamb Plated Meals",
    "url": "https://www.coles.com.au/product/on-the-menu-slow-cooked-lamb-plated-meals-320g-2947822",
    "img": "https://productimages.coles.com.au/productimages/2/2947822.jpg",
    "price": 7,
    "quantity": 0.32,
    "unitPrice": 21.9
  },
  {
    "name": "Beef Rissoles Plated Meals",
    "url": "https://www.coles.com.au/product/on-the-menu-beef-rissoles-plated-meals-320g-3513351",
    "img": "https://productimages.coles.com.au/productimages/3/3513351.jpg",
    "price": 7,
    "quantity": 0.32,
    "unitPrice": 21.9
  },
  {
    "name": "Frozen Chicken Parmigiana",
    "url": "https://www.coles.com.au/product/on-the-menu-frozen-chicken-parmigiana-320g-8151892",
    "img": "https://productimages.coles.com.au/productimages/8/8151892.jpg",
    "price": 7,
    "quantity": 0.32,
    "unitPrice": 21.9
  },
  {
    "name": "Frozen Roast Chicken",
    "url": "https://www.coles.com.au/product/on-the-menu-frozen-roast-chicken-320g-8151906",
    "img": "https://productimages.coles.com.au/productimages/8/8151906.jpg",
    "price": 7,
    "quantity": 0.32,
    "unitPrice": 21.9
  },
  {
    "name": "Roast Beef Plated Meal",
    "url": "https://www.coles.com.au/product/on-the-menu-roast-beef-plated-meal-320g-8151917",
    "img": "https://productimages.coles.com.au/productimages/8/8151917.jpg",
    "price": 7,
    "quantity": 0.32,
    "unitPrice": 21.9
  },
  {
    "name": "Frozen BBQ Mixed Grill",
    "url": "https://www.coles.com.au/product/on-the-menu-frozen-bbq-mixed-grill-320g-8934980",
    "img": "https://productimages.coles.com.au/productimages/8/8934980.jpg",
    "price": 7,
    "quantity": 0.32,
    "unitPrice": 21.9
  },
  {
    "name": "Westacre Dairy Tasty Cheese Block",
    "url": "https://www.aldi.com.au/en/groceries/fresh-produce/dairy-eggs/dairy-eggs-detail/ps/p/westacre-dairy-tasty-cheese-block-250g/",
    "img": "https://www.aldi.com.au/fileadmin/_processed_/9/1/csm_1001605-3_1x1_Q4_WEB-AUDIT_DAIRY_228x128_20_24ef4dfcd1.jpg",
    "price": 5.49,
    "quantity": 0.25,
    "unitPrice": 21.96
  },
  {
    "name": "Westacre Dairy Vintage Cheese Slices",
    "url": "https://www.aldi.com.au/en/groceries/fresh-produce/dairy-eggs/dairy-eggs-detail/ps/p/westacre-dairy-vintage-cheese-slices-250g/",
    "img": "https://www.aldi.com.au/fileadmin/_processed_/f/a/csm_1001605-3_1x1_Q4_WEB-AUDIT_DAIRY_228x128_6_f09f0ae7fa.jpg",
    "price": 5.49,
    "quantity": 0.25,
    "unitPrice": 21.96
  },
  {
    "name": "Westacre Dairy Tasty Cheese Slices",
    "url": "https://www.aldi.com.au/en/groceries/fresh-produce/dairy-eggs/dairy-eggs-detail/ps/p/westacre-dairy-tasty-cheese-slices-250g/",
    "img": "https://www.aldi.com.au/fileadmin/_processed_/9/2/csm_1001605-3_1x1_Q4_WEB-AUDIT_DAIRY_228x128_7_90227986ed.jpg",
    "price": 5.49,
    "quantity": 0.25,
    "unitPrice": 21.96
  },
  {
    "name": "Roasted Salted Almonds",
    "url": "https://www.coles.com.au/product/coles-roasted-salted-almonds-approx.-100g-8413219",
    "img": "https://productimages.coles.com.au/productimages/8/8413219.jpg",
    "price": 2.2,
    "quantity": 0.1,
    "unitPrice": 22
  },
  {
    "name": "Roasted Unsalted Almonds",
    "url": "https://www.coles.com.au/product/coles-roasted-unsalted-almonds-approx.-100g-8413300",
    "img": "https://productimages.coles.com.au/productimages/8/8413300.jpg",
    "price": 2.2,
    "quantity": 0.1,
    "unitPrice": 22
  },
  {
    "name": "Natural Almonds",
    "url": "https://www.coles.com.au/product/coles-natural-almonds-approx.-100g-8417184",
    "img": "https://productimages.coles.com.au/productimages/8/8417184.jpg",
    "price": 2.2,
    "quantity": 0.1,
    "unitPrice": 22
  },
  {
    "name": "Fresh Potato Egg & Bacon Salad",
    "url": "https://www.coles.com.au/product/coles-fresh-potato-egg-&-bacon-salad-250g-5517025",
    "img": "https://productimages.coles.com.au/productimages/5/5517025.jpg",
    "price": 5.5,
    "quantity": 0.25,
    "unitPrice": 22
  },
  {
    "name": "Raw Power",
    "url": "https://www.coles.com.au/product/coles-raw-power-approx.-100g-2349638",
    "img": "https://productimages.coles.com.au/productimages/2/2349638.jpg",
    "price": 2.2,
    "quantity": 0.1,
    "unitPrice": 22
  },
  {
    "name": "Nougat Cranberry & Nut",
    "url": "https://www.coles.com.au/product/coles-nougat-cranberry-&-nut-approx.-100g-2349660",
    "img": "https://productimages.coles.com.au/productimages/2/2349660.jpg",
    "price": 2.2,
    "quantity": 0.1,
    "unitPrice": 22
  },
  {
    "name": "Lunchbox Fruits",
    "url": "https://www.coles.com.au/product/coles-lunchbox-fruits-approx.-100g-8411235",
    "img": "https://productimages.coles.com.au/productimages/8/8411235.jpg",
    "price": 2.2,
    "quantity": 0.1,
    "unitPrice": 22
  },
  {
    "name": "Summer Delight",
    "url": "https://www.coles.com.au/product/coles-summer-delight-approx.-100g-8411348",
    "img": "https://productimages.coles.com.au/productimages/8/8411348.jpg",
    "price": 2.2,
    "quantity": 0.1,
    "unitPrice": 22
  },
  {
    "name": "Cranberries",
    "url": "https://www.coles.com.au/product/coles-cranberries-approx.-100g-8412067",
    "img": "https://productimages.coles.com.au/productimages/8/8412067.jpg",
    "price": 2.2,
    "quantity": 0.1,
    "unitPrice": 22
  },
  {
    "name": "Cranberry Sprinkle",
    "url": "https://www.coles.com.au/product/coles-cranberry-sprinkle-approx.-100g-8417355",
    "img": "https://productimages.coles.com.au/productimages/8/8417355.jpg",
    "price": 2.2,
    "quantity": 0.1,
    "unitPrice": 22
  },
  {
    "name": "Australian Shredded Pizza",
    "url": "https://www.coles.com.au/product/coles-australian-shredded-pizza-250g-1413312",
    "img": "https://productimages.coles.com.au/productimages/1/1413312.jpg",
    "price": 5.5,
    "quantity": 0.25,
    "unitPrice": 22
  },
  {
    "name": "Australian Light Shredded Mozzarella",
    "url": "https://www.coles.com.au/product/coles-australian-light-shredded-mozzarella-250g-1413323",
    "img": "https://productimages.coles.com.au/productimages/1/1413323.jpg",
    "price": 5.5,
    "quantity": 0.25,
    "unitPrice": 22
  },
  {
    "name": "Mozzarella Ball",
    "url": "https://www.coles.com.au/product/la-casa-del-formaggio-mozzarella-ball-250g-2485512",
    "img": "https://productimages.coles.com.au/productimages/2/2485512.jpg",
    "price": 5.5,
    "quantity": 0.25,
    "unitPrice": 22
  },
  {
    "name": "Lasagne Sheets",
    "url": "https://www.coles.com.au/product/rana-lasagne-sheets-250g-3358226",
    "img": "https://productimages.coles.com.au/productimages/3/3358226.jpg",
    "price": 5.5,
    "quantity": 0.25,
    "unitPrice": 22
  },
  {
    "name": "Slightly Salted Spreadable Tub",
    "url": "https://www.coles.com.au/product/lurpak-slightly-salted-spreadable-tub-250g-5393910",
    "img": "https://productimages.coles.com.au/productimages/5/5393910.jpg",
    "price": 5.5,
    "quantity": 0.25,
    "unitPrice": 22
  },
  {
    "name": "Shredded Tasty Cheese",
    "url": "https://www.coles.com.au/product/coles-dairy-shredded-tasty-cheese-250g-5432830",
    "img": "https://productimages.coles.com.au/productimages/5/5432830.jpg",
    "price": 5.5,
    "quantity": 0.25,
    "unitPrice": 22
  },
  {
    "name": "Cheese Shredded Mexican Blend",
    "url": "https://www.coles.com.au/product/coles-cheese-shredded-mexican-blend-250g-6795613",
    "img": "https://productimages.coles.com.au/productimages/6/6795613.jpg",
    "price": 5.5,
    "quantity": 0.25,
    "unitPrice": 22
  },
  {
    "name": "Cheese Shredded 4 Cheese Blend",
    "url": "https://www.coles.com.au/product/coles-cheese-shredded-4-cheese-blend-250g-6795646",
    "img": "https://productimages.coles.com.au/productimages/6/6795646.jpg",
    "price": 5.5,
    "quantity": 0.25,
    "unitPrice": 22
  },
  {
    "name": "Organic Cheddar Cubes",
    "url": "https://www.coles.com.au/product/the-organic-milk-co-organic-cheddar-cubes-250g-6928273",
    "img": "https://productimages.coles.com.au/productimages/6/6928273.jpg",
    "price": 5.5,
    "quantity": 0.25,
    "unitPrice": 22
  },
  {
    "name": "Spreadable Lighter",
    "url": "https://www.coles.com.au/product/lurpak-spreadable-lighter-250g-7175363",
    "img": "https://productimages.coles.com.au/productimages/7/7175363.jpg",
    "price": 5.5,
    "quantity": 0.25,
    "unitPrice": 22
  },
  {
    "name": "Cheese Shredded Mozzarella",
    "url": "https://www.coles.com.au/product/coles-cheese-shredded-mozzarella-250g-9508026",
    "img": "https://productimages.coles.com.au/productimages/9/9508026.jpg",
    "price": 5.5,
    "quantity": 0.25,
    "unitPrice": 22
  },
  {
    "name": "Colby Cheese Slices",
    "url": "https://www.coles.com.au/product/cheer-colby-cheese-slices-500g-2781978",
    "img": "https://productimages.coles.com.au/productimages/2/2781978.jpg",
    "price": 11,
    "quantity": 0.5,
    "unitPrice": 22
  },
  {
    "name": "Strong & Bitey Natural Vintage Slices",
    "url": "https://www.coles.com.au/product/bega-strong-&-bitey-natural-vintage-slices-500g-4413658",
    "img": "https://productimages.coles.com.au/productimages/4/4413658.jpg",
    "price": 11,
    "quantity": 0.5,
    "unitPrice": 22
  },
  {
    "name": "Dairy Tasty Light Cheese Slices",
    "url": "https://www.coles.com.au/product/cheer-dairy-tasty-light-cheese-slices-500g-5292118",
    "img": "https://productimages.coles.com.au/productimages/5/5292118.jpg",
    "price": 11,
    "quantity": 0.5,
    "unitPrice": 22
  },
  {
    "name": "Cheese Slices Extra Tasty",
    "url": "https://www.coles.com.au/product/cheer-cheese-slices-extra-tasty-500g-5432320",
    "img": "https://productimages.coles.com.au/productimages/5/5432320.jpg",
    "price": 11,
    "quantity": 0.5,
    "unitPrice": 22
  },
  {
    "name": "Dairy Natural Tasty Cheese Slices 30 Pack",
    "url": "https://www.coles.com.au/product/bega-dairy-natural-tasty-cheese-slices-30-pack-500g-6704811",
    "img": "https://productimages.coles.com.au/productimages/6/6704811.jpg",
    "price": 11,
    "quantity": 0.5,
    "unitPrice": 22
  },
  {
    "name": "Tasty Cheese Slices",
    "url": "https://www.coles.com.au/product/cheer-tasty-cheese-slices-500g-8578",
    "img": "https://productimages.coles.com.au/productimages/8/8578.jpg",
    "price": 11,
    "quantity": 0.5,
    "unitPrice": 22
  },
  {
    "name": "Natural 25% Red Fat Tasty Slices 30 pack",
    "url": "https://www.coles.com.au/product/bega-natural-25%-red-fat-tasty-slices-30-pack-500g-9184139",
    "img": "https://productimages.coles.com.au/productimages/9/9184139.jpg",
    "price": 11,
    "quantity": 0.5,
    "unitPrice": 22
  },
  {
    "name": "Hot Twiggy Sticks",
    "url": "https://www.coles.com.au/product/hans-hot-twiggy-sticks-approx.-100g-2072997",
    "img": "https://productimages.coles.com.au/productimages/2/2072997.jpg",
    "price": 2.2,
    "quantity": 0.1,
    "unitPrice": 22
  },
  {
    "name": "Mild Twiggy Sticks",
    "url": "https://www.coles.com.au/product/hans-mild-twiggy-sticks-approx.-100g-2076615",
    "img": "https://productimages.coles.com.au/productimages/2/2076615.jpg",
    "price": 2.2,
    "quantity": 0.1,
    "unitPrice": 22
  },
  {
    "name": "RSPCA Approved BBQ Roasted Chicken Breast",
    "url": "https://www.coles.com.au/product/coles-rspca-approved-bbq-roasted-chicken-breast-approx.-100g-3359400",
    "img": "https://productimages.coles.com.au/productimages/3/3359400.jpg",
    "price": 2.2,
    "quantity": 0.1,
    "unitPrice": 22
  },
  {
    "name": "Twiggy Sticks Mild",
    "url": "https://www.coles.com.au/product/hans-twiggy-sticks-mild-500g-2517845",
    "img": "https://productimages.coles.com.au/productimages/2/2517845.jpg",
    "price": 11,
    "quantity": 0.5,
    "unitPrice": 22
  },
  {
    "name": "Twiggy Sticks Hot",
    "url": "https://www.coles.com.au/product/hans-twiggy-sticks-hot-500g-2517856",
    "img": "https://productimages.coles.com.au/productimages/2/2517856.jpg",
    "price": 11,
    "quantity": 0.5,
    "unitPrice": 22
  },
  {
    "name": "Champagne Ham",
    "url": "https://www.coles.com.au/product/don-champagne-ham-approx.-125g-3540490",
    "img": "https://productimages.coles.com.au/productimages/3/3540490.jpg",
    "price": 2.75,
    "quantity": 0.125,
    "unitPrice": 22
  },
  {
    "name": "Baking Bournville Cocoa Powder",
    "url": "https://www.coles.com.au/product/cadbury-baking-bournville-cocoa-powder-250g-115953",
    "img": "https://productimages.coles.com.au/productimages/1/115953.jpg",
    "price": 5.5,
    "quantity": 0.25,
    "unitPrice": 22
  },
  {
    "name": "Baking Bournville Cocoa Powder",
    "url": "https://www.coles.com.au/product/cadbury-baking-bournville-cocoa-powder-250g-115953",
    "img": "https://productimages.coles.com.au/productimages/1/115953.jpg",
    "price": 5.5,
    "quantity": 0.25,
    "unitPrice": 22
  },
  {
    "name": "Latte Beans Coffee",
    "url": "https://www.coles.com.au/product/vittoria-latte-beans-coffee-1kg-4824390",
    "img": "https://productimages.coles.com.au/productimages/4/4824390.jpg",
    "price": 22,
    "quantity": 1,
    "unitPrice": 22
  },
  {
    "name": "Freshly Grated Ginger ",
    "url": "https://www.coles.com.au/product/masterfoods-freshly-grated-ginger--160g-6027123",
    "img": "https://productimages.coles.com.au/productimages/6/6027123.jpg",
    "price": 3.5,
    "quantity": 0.16,
    "unitPrice": 22
  },
  {
    "name": "Freshly Chopped Chilli",
    "url": "https://www.coles.com.au/product/masterfoods-freshly-chopped-chilli-160g-6027134",
    "img": "https://productimages.coles.com.au/productimages/6/6027134.jpg",
    "price": 3.5,
    "quantity": 0.16,
    "unitPrice": 22
  },
  {
    "name": "Garlic Salt",
    "url": "https://www.coles.com.au/product/coles-garlic-salt-89g-8983590",
    "img": "https://productimages.coles.com.au/productimages/8/8983590.jpg",
    "price": 1.95,
    "quantity": 0.089,
    "unitPrice": 22
  },
  {
    "name": "Keralan Coconut Curry",
    "url": "https://www.coles.com.au/product/the-spice-tailor-keralan-coconut-curry-225g-1311345",
    "img": "https://productimages.coles.com.au/productimages/1/1311345.jpg",
    "price": 4.95,
    "quantity": 0.225,
    "unitPrice": 22
  },
  {
    "name": "Edamame Roasted & Salted Soy Beans",
    "url": "https://www.coles.com.au/product/savour-edamame-roasted-&-salted-soy-beans-100g-1597714",
    "img": "https://productimages.coles.com.au/productimages/1/1597714.jpg",
    "price": 2.2,
    "quantity": 0.1,
    "unitPrice": 22
  },
  {
    "name": "Continental Rusk",
    "url": "https://www.coles.com.au/product/olympian-continental-rusk-250g-3736425",
    "img": "https://productimages.coles.com.au/productimages/3/3736425.jpg",
    "price": 5.5,
    "quantity": 0.25,
    "unitPrice": 22
  },
  {
    "name": "Sherry Vinegar",
    "url": "https://www.coles.com.au/product/moro-sherry-vinegar-250ml-3497550",
    "img": "https://productimages.coles.com.au/productimages/3/3497550.jpg",
    "price": 5.5,
    "quantity": 0.25,
    "unitPrice": 22
  },
  {
    "name": "Premium Liquid Coconut Oil",
    "url": "https://www.coles.com.au/product/coco-earth-premium-liquid-coconut-oil-500ml-2789448",
    "img": "https://productimages.coles.com.au/productimages/2/2789448.jpg",
    "price": 11,
    "quantity": 0.5,
    "unitPrice": 22
  },
  {
    "name": "Extra Virgin Olive Oil Mild Flavour",
    "url": "https://www.coles.com.au/product/la-espanola-extra-virgin-olive-oil-mild-flavour-1l-3526116",
    "img": "https://productimages.coles.com.au/productimages/3/3526116.jpg",
    "price": 22,
    "quantity": 1,
    "unitPrice": 22
  },
  {
    "name": "Extra Virgin Olive Oil",
    "url": "https://www.coles.com.au/product/la-espanola-extra-virgin-olive-oil-1l-5833557",
    "img": "https://productimages.coles.com.au/productimages/5/5833557.jpg",
    "price": 22,
    "quantity": 1,
    "unitPrice": 22
  },
  {
    "name": "Olive Oil Light & Mild",
    "url": "https://www.coles.com.au/product/la-espanola-olive-oil-light-&-mild-1l-5847020",
    "img": "https://productimages.coles.com.au/productimages/5/5847020.jpg",
    "price": 22,
    "quantity": 1,
    "unitPrice": 22
  },
  {
    "name": "Beef Stock Powder",
    "url": "https://www.coles.com.au/product/massel-beef-stock-powder-168g-4298582",
    "img": "https://productimages.coles.com.au/productimages/4/4298582.jpg",
    "price": 3.75,
    "quantity": 0.168,
    "unitPrice": 22
  },
  {
    "name": "Chicken Stock Powder",
    "url": "https://www.coles.com.au/product/massel-chicken-stock-powder-168g-4298593",
    "img": "https://productimages.coles.com.au/productimages/4/4298593.jpg",
    "price": 3.75,
    "quantity": 0.168,
    "unitPrice": 22
  },
  {
    "name": "Vegetable Stock Powder",
    "url": "https://www.coles.com.au/product/massel-vegetable-stock-powder-168g-4298607",
    "img": "https://productimages.coles.com.au/productimages/4/4298607.jpg",
    "price": 3.75,
    "quantity": 0.168,
    "unitPrice": 22
  },
  {
    "name": "Jalapeno Cakes",
    "url": "https://www.coles.com.au/product/coles-jalapeno-cakes-250g-3818472",
    "img": "https://productimages.coles.com.au/productimages/3/3818472.jpg",
    "price": 5.5,
    "quantity": 0.25,
    "unitPrice": 22
  },
  {
    "name": "Kangaroo Diced",
    "url": "https://www.coles.com.au/product/k-roo-kangaroo-diced-500g-2023110",
    "img": "https://productimages.coles.com.au/productimages/2/2023110.jpg",
    "price": 11,
    "quantity": 0.5,
    "unitPrice": 22
  },
  {
    "name": "Diced Casserole",
    "url": "https://www.coles.com.au/product/coles-diced-casserole-500g-6331623",
    "img": "https://productimages.coles.com.au/productimages/6/6331623.jpg",
    "price": 11,
    "quantity": 0.5,
    "unitPrice": 22
  },
  {
    "name": "Carbon Neutral Pork Diced",
    "url": "https://www.coles.com.au/product/coles-finest-carbon-neutral-pork-diced-500g-6400726",
    "img": "https://productimages.coles.com.au/productimages/6/6400726.jpg",
    "price": 11,
    "quantity": 0.5,
    "unitPrice": 22
  },
  {
    "name": "Grill Lamb Ribs In A Sticky BBQ Rub",
    "url": "https://www.coles.com.au/product/coles-grill-lamb-ribs-in-a-sticky-bbq-rub-750g-7876936",
    "img": "https://productimages.coles.com.au/productimages/7/7876936.jpg",
    "price": 16.5,
    "quantity": 0.75,
    "unitPrice": 22
  },
  {
    "name": "Lamb Boneless Shank Meat",
    "url": "https://www.coles.com.au/product/coles-lamb-boneless-shank-meat-approx.-700g-2727699",
    "img": "https://productimages.coles.com.au/productimages/2/2727699.jpg",
    "price": 15.4,
    "quantity": 0.7,
    "unitPrice": 22
  },
  {
    "name": "Kaiser Fleisch Portions",
    "url": "https://www.coles.com.au/product/bertocchi-kaiser-fleisch-portions-approx.-625g-2865295",
    "img": "https://productimages.coles.com.au/productimages/2/2865295.jpg",
    "price": 13.75,
    "quantity": 0.625,
    "unitPrice": 22
  },
  {
    "name": "Thawed Australian Msc Raw King Prawns",
    "url": "https://www.coles.com.au/product/coles-deli-thawed-australian-msc-raw-king-prawns-approx.-250g-3845180",
    "img": "https://productimages.coles.com.au/productimages/3/3845180.jpg",
    "price": 5.5,
    "quantity": 0.25,
    "unitPrice": 22
  },
  {
    "name": "Carbon Neutral Beef Chuck Roast",
    "url": "https://www.coles.com.au/product/coles-finest-carbon-neutral-beef-chuck-roast-approx.-1.2kg-6147453",
    "img": "https://productimages.coles.com.au/productimages/6/6147453.jpg",
    "price": 26.4,
    "quantity": 1.2,
    "unitPrice": 22
  },
  {
    "name": "Free Range Chicken Thigh Fillets Small Pack              ",
    "url": "https://www.coles.com.au/product/lilydale-free-range-chicken-thigh-fillets-small-pack---------------approx.-545g-each-8227735",
    "img": "https://productimages.coles.com.au/productimages/8/8227735.jpg",
    "price": 11.99,
    "quantity": 0.545,
    "unitPrice": 22
  },
  {
    "name": "Lamb Boneless Shoulder Roast",
    "url": "https://www.coles.com.au/product/coles-lamb-boneless-shoulder-roast-approx.-1.3kg-9206800",
    "img": "https://productimages.coles.com.au/productimages/9/9206800.jpg",
    "price": 28.6,
    "quantity": 1.3,
    "unitPrice": 22
  },
  {
    "name": "Safcol Salmon With Mild Red Chilli Pouch",
    "url": "https://www.woolworths.com.au/shop/productdetails/176246",
    "img": "https://cdn0.woolworths.media/content/wowproductimages/medium/176246.jpg",
    "price": 2.2,
    "quantity": 0.1,
    "unitPrice": 22
  },
  {
    "name": "Grand Italian Tuscan Finest Vodka Tomato Fresh Pasta Sauce",
    "url": "https://www.woolworths.com.au/shop/productdetails/153077",
    "img": "https://cdn0.woolworths.media/content/wowproductimages/medium/153077.jpg",
    "price": 5.5,
    "quantity": 0.25,
    "unitPrice": 22
  },
  {
    "name": "Rana Egg Lasagne Pasta",
    "url": "https://www.woolworths.com.au/shop/productdetails/28059",
    "img": "https://cdn0.woolworths.media/content/wowproductimages/medium/028059.jpg",
    "price": 5.5,
    "quantity": 0.25,
    "unitPrice": 22
  },
  {
    "name": "Grand Italian Tuscan Finest Organic Tomato With Fresh Basil Pasta Sauce",
    "url": "https://www.woolworths.com.au/shop/productdetails/210571",
    "img": "https://cdn0.woolworths.media/content/wowproductimages/medium/210571.jpg",
    "price": 5.5,
    "quantity": 0.25,
    "unitPrice": 22
  },
  {
    "name": "Lurpak Slightly Salted Spreadable Butter",
    "url": "https://www.woolworths.com.au/shop/productdetails/223865",
    "img": "https://cdn0.woolworths.media/content/wowproductimages/medium/223865.jpg",
    "price": 5.5,
    "quantity": 0.25,
    "unitPrice": 22
  },
  {
    "name": "Lurpak Lighter Blend Spreadable Butter",
    "url": "https://www.woolworths.com.au/shop/productdetails/281853",
    "img": "https://cdn0.woolworths.media/content/wowproductimages/medium/281853.jpg",
    "price": 5.5,
    "quantity": 0.25,
    "unitPrice": 22
  },
  {
    "name": "Monini Organic Extra Virgin Olive Oil",
    "url": "https://www.woolworths.com.au/shop/productdetails/807200",
    "img": "https://cdn0.woolworths.media/content/wowproductimages/medium/807200.jpg",
    "price": 11,
    "quantity": 0.5,
    "unitPrice": 22
  },
  {
    "name": "Chang's Sesame Oil",
    "url": "https://www.woolworths.com.au/shop/productdetails/76240",
    "img": "https://cdn0.woolworths.media/content/wowproductimages/medium/076240.jpg",
    "price": 3.3,
    "quantity": 0.15,
    "unitPrice": 22
  },
  {
    "name": "Moro Sherry Vinegar",
    "url": "https://www.woolworths.com.au/shop/productdetails/636072",
    "img": "https://cdn0.woolworths.media/content/wowproductimages/medium/636072.jpg",
    "price": 5.5,
    "quantity": 0.25,
    "unitPrice": 22
  },
  {
    "name": "Coco Earth Ghee Butter",
    "url": "https://www.woolworths.com.au/shop/productdetails/819959",
    "img": "https://cdn0.woolworths.media/content/wowproductimages/medium/819959.jpg",
    "price": 5.5,
    "quantity": 0.25,
    "unitPrice": 22
  },
  {
    "name": "Prawn Green King Prawns Large Thawed",
    "url": "https://www.woolworths.com.au/shop/productdetails/22200",
    "img": "https://cdn0.woolworths.media/content/wowproductimages/medium/022200.jpg",
    "price": 22,
    "quantity": 1,
    "unitPrice": 22
  },
  {
    "name": "Woolworths Fresh Whole Rainbow Trout",
    "url": "https://www.woolworths.com.au/shop/productdetails/46276",
    "img": "https://cdn0.woolworths.media/content/wowproductimages/medium/046276.jpg",
    "price": 22,
    "quantity": 1,
    "unitPrice": 22
  },
  {
    "name": "Woolworths Corned Beef Shaved",
    "url": "https://www.woolworths.com.au/shop/productdetails/747157",
    "img": "https://cdn0.woolworths.media/content/wowproductimages/medium/747157.jpg",
    "price": 22,
    "quantity": 1,
    "unitPrice": 22
  },
  {
    "name": "Woolworths Corned Beef Sliced From The Deli",
    "url": "https://www.woolworths.com.au/shop/productdetails/361522",
    "img": "https://cdn0.woolworths.media/content/wowproductimages/medium/361522.jpg",
    "price": 22,
    "quantity": 1,
    "unitPrice": 22
  },
  {
    "name": "Woolworths Diced Beef Heart Smart",
    "url": "https://www.woolworths.com.au/shop/productdetails/675482",
    "img": "https://cdn0.woolworths.media/content/wowproductimages/medium/675482.jpg",
    "price": 11,
    "quantity": 0.5,
    "unitPrice": 22
  },
  {
    "name": "Macro Grass Fed Beef Mince Lean",
    "url": "https://www.woolworths.com.au/shop/productdetails/236845",
    "img": "https://cdn0.woolworths.media/content/wowproductimages/medium/236845.jpg",
    "price": 11,
    "quantity": 0.5,
    "unitPrice": 22
  },
  {
    "name": "Woolworths Diced Beef Casserole",
    "url": "https://www.woolworths.com.au/shop/productdetails/675483",
    "img": "https://cdn0.woolworths.media/content/wowproductimages/medium/675483.jpg",
    "price": 11,
    "quantity": 0.5,
    "unitPrice": 22
  },
  {
    "name": "Primo Berliner Sliced",
    "url": "https://www.woolworths.com.au/shop/productdetails/77500",
    "img": "https://cdn0.woolworths.media/content/wowproductimages/medium/077500.jpg",
    "price": 22,
    "quantity": 1,
    "unitPrice": 22
  },
  {
    "name": "K-roo Kangaroo Diced",
    "url": "https://www.woolworths.com.au/shop/productdetails/799575",
    "img": "https://cdn0.woolworths.media/content/wowproductimages/medium/799575.jpg",
    "price": 11,
    "quantity": 0.5,
    "unitPrice": 22
  },
  {
    "name": "Woolworths Hickory Half Leg Ham",
    "url": "https://www.woolworths.com.au/shop/productdetails/218133",
    "img": "https://cdn0.woolworths.media/content/wowproductimages/medium/218133.jpg",
    "price": 23.1,
    "quantity": 1.05,
    "unitPrice": 22
  },
  {
    "name": "Woolworths Beef Rump Roast",
    "url": "https://www.woolworths.com.au/shop/productdetails/246370",
    "img": "https://cdn0.woolworths.media/content/wowproductimages/medium/246370.jpg",
    "price": 24.2,
    "quantity": 1.1,
    "unitPrice": 22
  },
  {
    "name": "Macro Free Range Pork Loin Chops",
    "url": "https://www.woolworths.com.au/shop/productdetails/248545",
    "img": "https://cdn0.woolworths.media/content/wowproductimages/medium/248545.jpg",
    "price": 13.2,
    "quantity": 0.6,
    "unitPrice": 22
  },
  {
    "name": "Hoyts Paprika Sweet",
    "url": "https://www.woolworths.com.au/shop/productdetails/57056",
    "img": "https://cdn0.woolworths.media/content/wowproductimages/medium/057056.jpg",
    "price": 4.15,
    "quantity": 0.19,
    "unitPrice": 22
  },
  {
    "name": "Massel Stock Powder Chicken",
    "url": "https://www.woolworths.com.au/shop/productdetails/186410",
    "img": "https://cdn0.woolworths.media/content/wowproductimages/medium/186410.jpg",
    "price": 3.75,
    "quantity": 0.168,
    "unitPrice": 22
  },
  {
    "name": "Massel Stock Powder Beef",
    "url": "https://www.woolworths.com.au/shop/productdetails/186409",
    "img": "https://cdn0.woolworths.media/content/wowproductimages/medium/186409.jpg",
    "price": 3.75,
    "quantity": 0.168,
    "unitPrice": 22
  },
  {
    "name": "Massel Stock Powder Vegetable",
    "url": "https://www.woolworths.com.au/shop/productdetails/186411",
    "img": "https://cdn0.woolworths.media/content/wowproductimages/medium/186411.jpg",
    "price": 3.75,
    "quantity": 0.168,
    "unitPrice": 22
  },
  {
    "name": "Cadbury Baking Bournville Cocoa Powder",
    "url": "https://www.woolworths.com.au/shop/productdetails/267413",
    "img": "https://cdn0.woolworths.media/content/wowproductimages/medium/267413.jpg",
    "price": 5.5,
    "quantity": 0.25,
    "unitPrice": 22
  },
  {
    "name": "Macro Organic Shredded Coconut",
    "url": "https://www.woolworths.com.au/shop/productdetails/335088",
    "img": "https://cdn0.woolworths.media/content/wowproductimages/medium/335088.jpg",
    "price": 4.4,
    "quantity": 0.2,
    "unitPrice": 22
  },
  {
    "name": "Macro Natural Seed Mix With Pine Nuts",
    "url": "https://www.woolworths.com.au/shop/productdetails/89757",
    "img": "https://cdn0.woolworths.media/content/wowproductimages/medium/089757.jpg",
    "price": 5.5,
    "quantity": 0.25,
    "unitPrice": 22
  },
  {
    "name": "Perform Build Chicken Penne Pasta",
    "url": "https://www.coles.com.au/product/coles-perform-build-chicken-penne-pasta-450g-5587508",
    "img": "https://productimages.coles.com.au/productimages/5/5587508.jpg",
    "price": 9.95,
    "quantity": 0.45,
    "unitPrice": 22.1
  },
  {
    "name": "Perform Build Braised Beef And Mash",
    "url": "https://www.coles.com.au/product/coles-perform-build-braised-beef-and-mash-450g-6011407",
    "img": "https://productimages.coles.com.au/productimages/6/6011407.jpg",
    "price": 9.95,
    "quantity": 0.45,
    "unitPrice": 22.1
  },
  {
    "name": "Perform Build BBQ Pulled Pork And Mash",
    "url": "https://www.coles.com.au/product/coles-perform-build-bbq-pulled-pork-and-mash-450g-6011430",
    "img": "https://productimages.coles.com.au/productimages/6/6011430.jpg",
    "price": 9.95,
    "quantity": 0.45,
    "unitPrice": 22.1
  },
  {
    "name": "Natural Cashews",
    "url": "https://www.coles.com.au/product/coles-natural-cashews-350g-3559261",
    "img": "https://productimages.coles.com.au/productimages/3/3559261.jpg",
    "price": 7.75,
    "quantity": 0.35,
    "unitPrice": 22.1
  },
  {
    "name": "Natural Cashews",
    "url": "https://www.coles.com.au/product/coles-natural-cashews-350g-3559261",
    "img": "https://productimages.coles.com.au/productimages/3/3559261.jpg",
    "price": 7.75,
    "quantity": 0.35,
    "unitPrice": 22.1
  },
  {
    "name": "Shin Ramyun Black 4 pack",
    "url": "https://www.coles.com.au/product/nongshim-shin-ramyun-black-4-pack-520g-4209094",
    "img": "https://productimages.coles.com.au/productimages/4/4209094.jpg",
    "price": 11.5,
    "quantity": 0.52,
    "unitPrice": 22.1
  },
  {
    "name": "Sunlover Ice Cream 4 Pack",
    "url": "https://www.coles.com.au/product/magnum-sunlover-ice-cream-4-pack-340ml-6754955",
    "img": "https://productimages.coles.com.au/productimages/6/6754955.jpg",
    "price": 7.5,
    "quantity": 0.34,
    "unitPrice": 22.1
  },
  {
    "name": "Starchaser Ice Cream 4 Pack",
    "url": "https://www.coles.com.au/product/magnum-starchaser-ice-cream-4-pack-340ml-6758388",
    "img": "https://productimages.coles.com.au/productimages/6/6758388.jpg",
    "price": 7.5,
    "quantity": 0.34,
    "unitPrice": 22.1
  },
  {
    "name": "Cookies And Cream",
    "url": "https://www.coles.com.au/product/gym-bod-cookies-and-cream-475ml-4495991",
    "img": "https://productimages.coles.com.au/productimages/4/4495991.jpg",
    "price": 10.5,
    "quantity": 0.475,
    "unitPrice": 22.1
  },
  {
    "name": "Chocolate Pudding",
    "url": "https://www.coles.com.au/product/gym-bod-chocolate-pudding-475ml-4496065",
    "img": "https://productimages.coles.com.au/productimages/4/4496065.jpg",
    "price": 10.5,
    "quantity": 0.475,
    "unitPrice": 22.1
  },
  {
    "name": "Starchaser Ice Cream 4 Pack",
    "url": "https://www.coles.com.au/product/magnum-starchaser-ice-cream-4-pack-340ml-6758388",
    "img": "https://productimages.coles.com.au/productimages/6/6758388.jpg",
    "price": 7.5,
    "quantity": 0.34,
    "unitPrice": 22.1
  },
  {
    "name": "Cookies And Cream",
    "url": "https://www.coles.com.au/product/gym-bod-cookies-and-cream-475ml-4495991",
    "img": "https://productimages.coles.com.au/productimages/4/4495991.jpg",
    "price": 10.5,
    "quantity": 0.475,
    "unitPrice": 22.1
  },
  {
    "name": "Chocolate Pudding",
    "url": "https://www.coles.com.au/product/gym-bod-chocolate-pudding-475ml-4496065",
    "img": "https://productimages.coles.com.au/productimages/4/4496065.jpg",
    "price": 10.5,
    "quantity": 0.475,
    "unitPrice": 22.1
  },
  {
    "name": "Vegemite Spread",
    "url": "https://www.woolworths.com.au/shop/productdetails/308872",
    "img": "https://cdn0.woolworths.media/content/wowproductimages/medium/308872.jpg",
    "price": 6.2,
    "quantity": 0.28,
    "unitPrice": 22.1
  },
  {
    "name": "Capilano Hot Chilli Honey Squeeze Bottle",
    "url": "https://www.woolworths.com.au/shop/productdetails/322864",
    "img": "https://cdn0.woolworths.media/content/wowproductimages/medium/322864.jpg",
    "price": 7.5,
    "quantity": 0.34,
    "unitPrice": 22.1
  },
  {
    "name": "Natvia 100% Natural Sweetener",
    "url": "https://www.woolworths.com.au/shop/productdetails/534207",
    "img": "https://cdn0.woolworths.media/content/wowproductimages/medium/534207.jpg",
    "price": 7.75,
    "quantity": 0.35,
    "unitPrice": 22.1
  },
  {
    "name": "Woolworths Cook Slow Cooked Beef Brisket",
    "url": "https://www.woolworths.com.au/shop/productdetails/821038",
    "img": "https://cdn0.woolworths.media/content/wowproductimages/medium/821038.jpg",
    "price": 15.5,
    "quantity": 0.7,
    "unitPrice": 22.14
  },
  {
    "name": "Emporium Selection Persian Fetta",
    "url": "https://www.aldi.com.au/en/groceries/fresh-produce/dairy-eggs/dairy-eggs-detail/ps/p/emporium-selection-persian-fetta-180g/",
    "img": "https://www.aldi.com.au/fileadmin/_processed_/1/4/csm_ALN2364_AWARDS_CHEESE_1x1_228x128_6_344e6445f9.jpg",
    "price": 3.99,
    "quantity": 0.18,
    "unitPrice": 22.17
  },
  {
    "name": "Falafel",
    "url": "https://www.coles.com.au/product/natures-kitchen-falafel-225g-6813180",
    "img": "https://productimages.coles.com.au/productimages/6/6813180.jpg",
    "price": 5,
    "quantity": 0.225,
    "unitPrice": 22.2
  },
  {
    "name": "Bread Slices Garlic 9 Pack",
    "url": "https://www.coles.com.au/product/la-famiglia-bread-slices-garlic-9-pack-270g-9435160",
    "img": "https://productimages.coles.com.au/productimages/9/9435160.jpg",
    "price": 6,
    "quantity": 0.27,
    "unitPrice": 22.2
  },
  {
    "name": "2 Pack Pies Meat",
    "url": "https://www.coles.com.au/product/national-2-pack-pies-meat-360g-32936",
    "img": "https://productimages.coles.com.au/productimages/3/32936.jpg",
    "price": 8,
    "quantity": 0.36,
    "unitPrice": 22.2
  },
  {
    "name": "Pie Beef & Cheese",
    "url": "https://www.coles.com.au/product/national-pie-beef-&-cheese-360g-3764872",
    "img": "https://productimages.coles.com.au/productimages/3/3764872.jpg",
    "price": 8,
    "quantity": 0.36,
    "unitPrice": 22.2
  },
  {
    "name": "Pie Chicken Curried",
    "url": "https://www.coles.com.au/product/national-pie-chicken-curried-360g-3764883",
    "img": "https://productimages.coles.com.au/productimages/3/3764883.jpg",
    "price": 8,
    "quantity": 0.36,
    "unitPrice": 22.2
  },
  {
    "name": "Pie Chunky Beef 2 Pack",
    "url": "https://www.coles.com.au/product/national-pie-chunky-beef-2-pack-360g-3764894",
    "img": "https://productimages.coles.com.au/productimages/3/3764894.jpg",
    "price": 8,
    "quantity": 0.36,
    "unitPrice": 22.2
  },
  {
    "name": "Pie Beef Pepper 2 Pack",
    "url": "https://www.coles.com.au/product/national-pie-beef-pepper-2-pack-360g-3764908",
    "img": "https://productimages.coles.com.au/productimages/3/3764908.jpg",
    "price": 8,
    "quantity": 0.36,
    "unitPrice": 22.2
  },
  {
    "name": "Pie Steak & Caramelized Onion 2 Pack",
    "url": "https://www.coles.com.au/product/national-pies-pie-steak-&-caramelized-onion-2-pack-360g-5092968",
    "img": "https://productimages.coles.com.au/productimages/5/5092968.jpg",
    "price": 8,
    "quantity": 0.36,
    "unitPrice": 22.2
  },
  {
    "name": "Beef Red Wine & Mushroom Pie 2Pk",
    "url": "https://www.coles.com.au/product/national-beef-red-wine-&-mushroom-pie-2pk-360g-5763510",
    "img": "https://productimages.coles.com.au/productimages/5/5763510.jpg",
    "price": 8,
    "quantity": 0.36,
    "unitPrice": 22.2
  },
  {
    "name": "Baking Dark Chocolate Melts",
    "url": "https://www.coles.com.au/product/cadbury-baking-dark-chocolate-melts-225g-2313641",
    "img": "https://productimages.coles.com.au/productimages/2/2313641.jpg",
    "price": 5,
    "quantity": 0.225,
    "unitPrice": 22.2
  },
  {
    "name": "Milk Chocolate Melting Buttons",
    "url": "https://www.coles.com.au/product/cadbury-milk-chocolate-melting-buttons-225g-2313652",
    "img": "https://productimages.coles.com.au/productimages/2/2313652.jpg",
    "price": 5,
    "quantity": 0.225,
    "unitPrice": 22.2
  },
  {
    "name": "Baking Dark Chocolate Melts",
    "url": "https://www.coles.com.au/product/cadbury-baking-dark-chocolate-melts-225g-2313641",
    "img": "https://productimages.coles.com.au/productimages/2/2313641.jpg",
    "price": 5,
    "quantity": 0.225,
    "unitPrice": 22.2
  },
  {
    "name": "Milk Chocolate Melting Buttons",
    "url": "https://www.coles.com.au/product/cadbury-milk-chocolate-melting-buttons-225g-2313652",
    "img": "https://productimages.coles.com.au/productimages/2/2313652.jpg",
    "price": 5,
    "quantity": 0.225,
    "unitPrice": 22.2
  },
  {
    "name": "Rice Bubbles Gluten Free Breakfast Cereal",
    "url": "https://www.coles.com.au/product/kellogg's-rice-bubbles-gluten-free-breakfast-cereal-315g-5235566",
    "img": "https://productimages.coles.com.au/productimages/5/5235566.jpg",
    "price": 7,
    "quantity": 0.315,
    "unitPrice": 22.2
  },
  {
    "name": "Rice Bubbles Gluten Free Breakfast Cereal",
    "url": "https://www.coles.com.au/product/kellogg's-rice-bubbles-gluten-free-breakfast-cereal-315g-5235566",
    "img": "https://productimages.coles.com.au/productimages/5/5235566.jpg",
    "price": 7,
    "quantity": 0.315,
    "unitPrice": 22.2
  },
  {
    "name": "Jet Planes Lollies",
    "url": "https://www.coles.com.au/product/pascall-jet-planes-lollies-180g-3529330",
    "img": "https://productimages.coles.com.au/productimages/3/3529330.jpg",
    "price": 4,
    "quantity": 0.18,
    "unitPrice": 22.2
  },
  {
    "name": "BBQ Chicken Shapes 9 Pack",
    "url": "https://www.coles.com.au/product/squid-games-bbq-chicken-shapes-9-pack-225g-7080165",
    "img": "https://productimages.coles.com.au/productimages/7/7080165.jpg",
    "price": 5,
    "quantity": 0.225,
    "unitPrice": 22.2
  },
  {
    "name": "BBQ Chicken Shapes 9 Pack",
    "url": "https://www.coles.com.au/product/squid-games-bbq-chicken-shapes-9-pack-225g-7080165",
    "img": "https://productimages.coles.com.au/productimages/7/7080165.jpg",
    "price": 5,
    "quantity": 0.225,
    "unitPrice": 22.2
  },
  {
    "name": "Leggo's Ravioli Beef Tomato & Parmesan",
    "url": "https://www.woolworths.com.au/shop/productdetails/321835",
    "img": "https://cdn0.woolworths.media/content/wowproductimages/medium/321835.jpg",
    "price": 8,
    "quantity": 0.36,
    "unitPrice": 22.2
  },
  {
    "name": "Leggo's Agnolotti With Spinach Ricotta & Parmesan",
    "url": "https://www.woolworths.com.au/shop/productdetails/958720",
    "img": "https://cdn0.woolworths.media/content/wowproductimages/medium/958720.jpg",
    "price": 8,
    "quantity": 0.36,
    "unitPrice": 22.2
  },
  {
    "name": "Toscano Pizza Bruschettina",
    "url": "https://www.woolworths.com.au/shop/productdetails/679319",
    "img": "https://cdn0.woolworths.media/content/wowproductimages/medium/679319.jpg",
    "price": 6,
    "quantity": 0.27,
    "unitPrice": 22.2
  },
  {
    "name": "Continental Classics Pasta & Sauce Chicken Curry Serves 2",
    "url": "https://www.woolworths.com.au/shop/productdetails/230942",
    "img": "https://cdn0.woolworths.media/content/wowproductimages/medium/230942.jpg",
    "price": 2,
    "quantity": 0.09,
    "unitPrice": 22.2
  },
  {
    "name": "Gallo Fideua Spanish Pasta for Paella Twin Pack 2x450g",
    "url": "https://www.woolworths.com.au/shop/productdetails/1074412867",
    "img": "https://cdn0.woolworths.media/content/wowproductimages/medium/1074412867.jpg",
    "price": 10,
    "quantity": 0.45,
    "unitPrice": 22.2
  },
  {
    "name": "Mccormick Air Fryer Southern Style Crunchy Coating",
    "url": "https://www.woolworths.com.au/shop/productdetails/283398",
    "img": "https://cdn0.woolworths.media/content/wowproductimages/medium/283398.jpg",
    "price": 2,
    "quantity": 0.09,
    "unitPrice": 22.2
  },
  {
    "name": "Salt & Pepper Squid",
    "url": "https://www.coles.com.au/product/coles-salt-&-pepper-squid-360g-2362250",
    "img": "https://productimages.coles.com.au/productimages/2/2362250.jpg",
    "price": 8,
    "quantity": 0.36,
    "unitPrice": 22.22
  },
  {
    "name": "Salt & Pepper Squid",
    "url": "https://www.coles.com.au/product/coles-salt-&-pepper-squid-360g-2362250",
    "img": "https://productimages.coles.com.au/productimages/2/2362250.jpg",
    "price": 8,
    "quantity": 0.36,
    "unitPrice": 22.22
  },
  {
    "name": "Ocean Chef Squid Rings Panko",
    "url": "https://www.woolworths.com.au/shop/productdetails/772620",
    "img": "https://cdn0.woolworths.media/content/wowproductimages/medium/772620.jpg",
    "price": 8,
    "quantity": 0.36,
    "unitPrice": 22.22
  },
  {
    "name": "Ocean Chef Squid Salt & Pepper",
    "url": "https://www.woolworths.com.au/shop/productdetails/772577",
    "img": "https://cdn0.woolworths.media/content/wowproductimages/medium/772577.jpg",
    "price": 8,
    "quantity": 0.36,
    "unitPrice": 22.22
  },
  {
    "name": "Woolworths Cook Mixed Green Vegetables & Edamame",
    "url": "https://www.woolworths.com.au/shop/productdetails/79931",
    "img": "https://cdn0.woolworths.media/content/wowproductimages/medium/079931.jpg",
    "price": 5,
    "quantity": 0.225,
    "unitPrice": 22.22
  },
  {
    "name": "Woolworths Lamb Leg Steak",
    "url": "https://www.woolworths.com.au/shop/productdetails/827609",
    "img": "https://cdn0.woolworths.media/content/wowproductimages/medium/827609.jpg",
    "price": 12,
    "quantity": 0.54,
    "unitPrice": 22.22
  },
  {
    "name": "Woolworths Gourmet Wagyu Beef Burger",
    "url": "https://www.woolworths.com.au/shop/productdetails/278375",
    "img": "https://cdn0.woolworths.media/content/wowproductimages/medium/278375.jpg",
    "price": 10,
    "quantity": 0.45,
    "unitPrice": 22.22
  },
  {
    "name": "Woolworths Cashews",
    "url": "https://www.woolworths.com.au/shop/productdetails/758700",
    "img": "https://cdn0.woolworths.media/content/wowproductimages/medium/758700.jpg",
    "price": 10,
    "quantity": 0.45,
    "unitPrice": 22.22
  },
  {
    "name": "Perform Lean Thai Green Chicken Curry",
    "url": "https://www.coles.com.au/product/coles-perform-lean-thai-green-chicken-curry-400g-5587155",
    "img": "https://productimages.coles.com.au/productimages/5/5587155.jpg",
    "price": 8.9,
    "quantity": 0.4,
    "unitPrice": 22.3
  },
  {
    "name": "Garlic Butter Spread",
    "url": "https://www.coles.com.au/product/tru-blue-garlic-butter-spread-150g-6801964",
    "img": "https://productimages.coles.com.au/productimages/6/6801964.jpg",
    "price": 3.35,
    "quantity": 0.15,
    "unitPrice": 22.3
  },
  {
    "name": "Double Thick Cream",
    "url": "https://www.coles.com.au/product/pura-double-thick-cream-300ml-5434992",
    "img": "https://productimages.coles.com.au/productimages/5/5434992.jpg",
    "price": 6.7,
    "quantity": 0.3,
    "unitPrice": 22.3
  },
  {
    "name": "Chilli Crush",
    "url": "https://www.coles.com.au/product/pattu-chilli-crush-200g-2158731",
    "img": "https://productimages.coles.com.au/productimages/2/2158731.jpg",
    "price": 4.45,
    "quantity": 0.2,
    "unitPrice": 22.3
  },
  {
    "name": "Meal Kit Satay Chicken Noodles",
    "url": "https://www.coles.com.au/product/mr-chen's-meal-kit-satay-chicken-noodles-382g-7362418",
    "img": "https://productimages.coles.com.au/productimages/7/7362418.jpg",
    "price": 8.5,
    "quantity": 0.382,
    "unitPrice": 22.3
  },
  {
    "name": "Meal Kit Satay Chicken Noodles",
    "url": "https://www.coles.com.au/product/mr-chen's-meal-kit-satay-chicken-noodles-382g-7362418",
    "img": "https://productimages.coles.com.au/productimages/7/7362418.jpg",
    "price": 8.5,
    "quantity": 0.382,
    "unitPrice": 22.3
  },
  {
    "name": "Tru Blu Garlic Butter",
    "url": "https://www.woolworths.com.au/shop/productdetails/71247",
    "img": "https://cdn0.woolworths.media/content/wowproductimages/medium/071247.jpg",
    "price": 3.35,
    "quantity": 0.15,
    "unitPrice": 22.3
  },
  {
    "name": "Basa Portions Skin Off 2 Pack",
    "url": "https://www.coles.com.au/product/coles-basa-portions-skin-off-2-pack-260g-1567000",
    "img": "https://productimages.coles.com.au/productimages/1/1567000.jpg",
    "price": 5.8,
    "quantity": 0.26,
    "unitPrice": 22.31
  },
  {
    "name": "Hickory BBQ Pork Ribs",
    "url": "https://www.coles.com.au/product/beak-&-sons-hickory-bbq-pork-ribs-650g-3266489",
    "img": "https://productimages.coles.com.au/productimages/3/3266489.jpg",
    "price": 14.5,
    "quantity": 0.65,
    "unitPrice": 22.31
  },
  {
    "name": "Emporium Selection Camembert",
    "url": "https://www.aldi.com.au/en/groceries/fresh-produce/dairy-eggs/dairy-eggs-detail/ps/p/emporium-selection-camembert-125g-2/",
    "img": "https://www.aldi.com.au/fileadmin/_processed_/b/0/csm_ALN2364_AWARDS_CHEESE_1x1_228x128_4_63d9773acf.jpg",
    "price": 2.79,
    "quantity": 0.125,
    "unitPrice": 22.32
  },
  {
    "name": "Emporium Selection Brie",
    "url": "https://www.aldi.com.au/en/groceries/fresh-produce/dairy-eggs/dairy-eggs-detail/ps/p/emporium-selection-brie-125g/",
    "img": "https://www.aldi.com.au/fileadmin/_processed_/b/0/csm_ALN2364_AWARDS_CHEESE_1x1_228x128_5_9bfbfcabf7.jpg",
    "price": 2.79,
    "quantity": 0.125,
    "unitPrice": 22.32
  },
  {
    "name": "Crafted Caramelised French Onion Dip",
    "url": "https://www.coles.com.au/product/black-swan-crafted-caramelised-french-onion-dip-170g-5559535",
    "img": "https://productimages.coles.com.au/productimages/5/5559535.jpg",
    "price": 3.8,
    "quantity": 0.17,
    "unitPrice": 22.4
  },
  {
    "name": "Crafted Guacamole Dip",
    "url": "https://www.coles.com.au/product/black-swan-crafted-guacamole-dip-170g-5559546",
    "img": "https://productimages.coles.com.au/productimages/5/5559546.jpg",
    "price": 3.8,
    "quantity": 0.17,
    "unitPrice": 22.4
  },
  {
    "name": "Crafted Hommus And Garlic Dip",
    "url": "https://www.coles.com.au/product/black-swan-crafted-hommus-and-garlic-dip-170g-5559557",
    "img": "https://productimages.coles.com.au/productimages/5/5559557.jpg",
    "price": 3.8,
    "quantity": 0.17,
    "unitPrice": 22.4
  },
  {
    "name": "Crafted Spinach And Feta Dip",
    "url": "https://www.coles.com.au/product/black-swan-crafted-spinach-and-feta-dip-170g-5561082",
    "img": "https://productimages.coles.com.au/productimages/5/5561082.jpg",
    "price": 3.8,
    "quantity": 0.17,
    "unitPrice": 22.4
  },
  {
    "name": "Taste Of The World Mexico",
    "url": "https://www.coles.com.au/product/black-swan-taste-of-the-world-mexico-170g-5561209",
    "img": "https://productimages.coles.com.au/productimages/5/5561209.jpg",
    "price": 3.8,
    "quantity": 0.17,
    "unitPrice": 22.4
  },
  {
    "name": "Crafted Dill & Mint Tzatziki Dip",
    "url": "https://www.coles.com.au/product/black-swan-crafted-dill-&-mint-tzatziki-dip-170g-5561231",
    "img": "https://productimages.coles.com.au/productimages/5/5561231.jpg",
    "price": 3.8,
    "quantity": 0.17,
    "unitPrice": 22.4
  },
  {
    "name": "Crafted Sweet Chilli Jam Dip",
    "url": "https://www.coles.com.au/product/black-swan-crafted-sweet-chilli-jam-dip-170g-5646265",
    "img": "https://productimages.coles.com.au/productimages/5/5646265.jpg",
    "price": 3.8,
    "quantity": 0.17,
    "unitPrice": 22.4
  },
  {
    "name": "Rich Chocolate Mousse",
    "url": "https://www.coles.com.au/product/kenilworth-dairies-rich-chocolate-mousse-170g-6913232",
    "img": "https://productimages.coles.com.au/productimages/6/6913232.jpg",
    "price": 3.8,
    "quantity": 0.17,
    "unitPrice": 22.4
  },
  {
    "name": "Crafted Dip Olive Fetta & Chilli",
    "url": "https://www.coles.com.au/product/black-swan-crafted-dip-olive-fetta-&-chilli-170g-7082954",
    "img": "https://productimages.coles.com.au/productimages/7/7082954.jpg",
    "price": 3.8,
    "quantity": 0.17,
    "unitPrice": 22.4
  },
  {
    "name": "Whipped Dairy Topping Cream",
    "url": "https://www.coles.com.au/product/dream-whip-whipped-dairy-topping-cream-250g-5362360",
    "img": "https://productimages.coles.com.au/productimages/5/5362360.jpg",
    "price": 5.6,
    "quantity": 0.25,
    "unitPrice": 22.4
  },
  {
    "name": "Crafted Crispy Bacon And Caramelised Onion Dip",
    "url": "https://www.coles.com.au/product/black-swan-crafted-crispy-bacon-and-caramelised-onion-dip-170g-5559502",
    "img": "https://productimages.coles.com.au/productimages/5/5559502.jpg",
    "price": 3.8,
    "quantity": 0.17,
    "unitPrice": 22.4
  },
  {
    "name": "Crafted Beetroot Tzatziki Dip",
    "url": "https://www.coles.com.au/product/black-swan-crafted-beetroot-tzatziki-dip-170g-5559524",
    "img": "https://productimages.coles.com.au/productimages/5/5559524.jpg",
    "price": 3.8,
    "quantity": 0.17,
    "unitPrice": 22.4
  },
  {
    "name": "Coco Earth Ghee Clarified Butter Grass Fed",
    "url": "https://www.woolworths.com.au/shop/productdetails/175500",
    "img": "https://cdn0.woolworths.media/content/wowproductimages/medium/175500.jpg",
    "price": 11.2,
    "quantity": 0.5,
    "unitPrice": 22.4
  },
  {
    "name": "Primo Short Cut Bacon",
    "url": "https://www.woolworths.com.au/shop/productdetails/235782",
    "img": "https://cdn0.woolworths.media/content/wowproductimages/medium/235782.jpg",
    "price": 16.8,
    "quantity": 0.75,
    "unitPrice": 22.4
  },
  {
    "name": "Primo Pan Sized Rindless Bacon Pan Size",
    "url": "https://www.woolworths.com.au/shop/productdetails/674265",
    "img": "https://cdn0.woolworths.media/content/wowproductimages/medium/674265.jpg",
    "price": 16.8,
    "quantity": 0.75,
    "unitPrice": 22.4
  },
  {
    "name": "Primo Middle Bacon",
    "url": "https://www.woolworths.com.au/shop/productdetails/140658",
    "img": "https://cdn0.woolworths.media/content/wowproductimages/medium/140658.jpg",
    "price": 16.8,
    "quantity": 0.75,
    "unitPrice": 22.4
  },
  {
    "name": "Maggie Beer Chunky Mushroom Finishing Sauce",
    "url": "https://www.woolworths.com.au/shop/productdetails/171110",
    "img": "https://cdn0.woolworths.media/content/wowproductimages/medium/171110.jpg",
    "price": 3.8,
    "quantity": 0.17,
    "unitPrice": 22.4
  },
  {
    "name": "Maggie Beer Red Wine Finishing Sauce",
    "url": "https://www.woolworths.com.au/shop/productdetails/279848",
    "img": "https://cdn0.woolworths.media/content/wowproductimages/medium/279848.jpg",
    "price": 3.8,
    "quantity": 0.17,
    "unitPrice": 22.4
  },
  {
    "name": "Maggie Beer Rich & Thick Gravy Finishing Sauce",
    "url": "https://www.woolworths.com.au/shop/productdetails/170141",
    "img": "https://cdn0.woolworths.media/content/wowproductimages/medium/170141.jpg",
    "price": 3.8,
    "quantity": 0.17,
    "unitPrice": 22.4
  },
  {
    "name": "Maggie Beer Honey Mustard Finishing Sauce",
    "url": "https://www.woolworths.com.au/shop/productdetails/171192",
    "img": "https://cdn0.woolworths.media/content/wowproductimages/medium/171192.jpg",
    "price": 3.8,
    "quantity": 0.17,
    "unitPrice": 22.4
  },
  {
    "name": "Eureka Premium Blueberries",
    "url": "https://www.coles.com.au/product/fresh-eureka-premium-blueberries-200g-1736275",
    "img": "https://productimages.coles.com.au/productimages/1/1736275.jpg",
    "price": 4.5,
    "quantity": 0.2,
    "unitPrice": 22.5
  },
  {
    "name": "Organic Coleslaw",
    "url": "https://www.coles.com.au/product/coles-organic-coleslaw-200g-3014293",
    "img": "https://productimages.coles.com.au/productimages/3/3014293.jpg",
    "price": 4.5,
    "quantity": 0.2,
    "unitPrice": 22.5
  },
  {
    "name": "Baby Brussel Sprouts",
    "url": "https://www.coles.com.au/product/coles-baby-brussel-sprouts-200g-9989810",
    "img": "https://productimages.coles.com.au/productimages/9/9989810.jpg",
    "price": 4.5,
    "quantity": 0.2,
    "unitPrice": 22.5
  },
  {
    "name": "Dry Roasted Cashews",
    "url": "https://www.coles.com.au/product/coles-dry-roasted-cashews-400g-2123500",
    "img": "https://productimages.coles.com.au/productimages/2/2123500.jpg",
    "price": 9,
    "quantity": 0.4,
    "unitPrice": 22.5
  },
  {
    "name": "Roasted & Salted Cashews",
    "url": "https://www.coles.com.au/product/coles-roasted-&-salted-cashews-400g-2123646",
    "img": "https://productimages.coles.com.au/productimages/2/2123646.jpg",
    "price": 9,
    "quantity": 0.4,
    "unitPrice": 22.5
  },
  {
    "name": "Natural Cashews",
    "url": "https://www.coles.com.au/product/coles-natural-cashews-400g-2222229",
    "img": "https://productimages.coles.com.au/productimages/2/2222229.jpg",
    "price": 9,
    "quantity": 0.4,
    "unitPrice": 22.5
  },
  {
    "name": "Dry Roasted Mixed Nuts",
    "url": "https://www.coles.com.au/product/coles-dry-roasted-mixed-nuts-400g-5299478",
    "img": "https://productimages.coles.com.au/productimages/5/5299478.jpg",
    "price": 9,
    "quantity": 0.4,
    "unitPrice": 22.5
  },
  {
    "name": "Dry Roasted Mixed Nuts",
    "url": "https://www.coles.com.au/product/coles-dry-roasted-mixed-nuts-400g-5299478",
    "img": "https://productimages.coles.com.au/productimages/5/5299478.jpg",
    "price": 9,
    "quantity": 0.4,
    "unitPrice": 22.5
  },
  {
    "name": "Harissa Hummus Dip",
    "url": "https://www.coles.com.au/product/dari's-table-harissa-hummus-dip-200g-1701033",
    "img": "https://productimages.coles.com.au/productimages/1/1701033.jpg",
    "price": 4.5,
    "quantity": 0.2,
    "unitPrice": 22.5
  },
  {
    "name": "Pine Nut Hummus Dip",
    "url": "https://www.coles.com.au/product/dari's-table-pine-nut-hummus-dip-200g-1701066",
    "img": "https://productimages.coles.com.au/productimages/1/1701066.jpg",
    "price": 4.5,
    "quantity": 0.2,
    "unitPrice": 22.5
  },
  {
    "name": "Avocado & Sea Salt Dip",
    "url": "https://www.coles.com.au/product/yumi's-avocado-&-sea-salt-dip-200g-2007474",
    "img": "https://productimages.coles.com.au/productimages/2/2007474.jpg",
    "price": 4.5,
    "quantity": 0.2,
    "unitPrice": 22.5
  },
  {
    "name": "Smokey Chipotle Hommus Dip",
    "url": "https://www.coles.com.au/product/yumi's-smokey-chipotle-hommus-dip-200g-3039400",
    "img": "https://productimages.coles.com.au/productimages/3/3039400.jpg",
    "price": 4.5,
    "quantity": 0.2,
    "unitPrice": 22.5
  },
  {
    "name": "Rocket Pesto Hommus Dip",
    "url": "https://www.coles.com.au/product/yumi's-rocket-pesto-hommus-dip-200g-3776758",
    "img": "https://productimages.coles.com.au/productimages/3/3776758.jpg",
    "price": 4.5,
    "quantity": 0.2,
    "unitPrice": 22.5
  },
  {
    "name": "Mediterranean Vegetable Dip",
    "url": "https://www.coles.com.au/product/yumi's-mediterranean-vegetable-dip-200g-4376686",
    "img": "https://productimages.coles.com.au/productimages/4/4376686.jpg",
    "price": 4.5,
    "quantity": 0.2,
    "unitPrice": 22.5
  },
  {
    "name": "Stone Baked Garlic Ciabatta",
    "url": "https://www.coles.com.au/product/coles-finest-stone-baked-garlic-ciabatta-200g-4706463",
    "img": "https://productimages.coles.com.au/productimages/4/4706463.jpg",
    "price": 4.5,
    "quantity": 0.2,
    "unitPrice": 22.5
  },
  {
    "name": "Mexican Bean with a Hint of Chilli Dip",
    "url": "https://www.coles.com.au/product/yumi's-mexican-bean-with-a-hint-of-chilli-dip-200g-5937417",
    "img": "https://productimages.coles.com.au/productimages/5/5937417.jpg",
    "price": 4.5,
    "quantity": 0.2,
    "unitPrice": 22.5
  },
  {
    "name": "Roasted Beetroot Hommus Dip",
    "url": "https://www.coles.com.au/product/yumi's-roasted-beetroot-hommus-dip-200g-6008640",
    "img": "https://productimages.coles.com.au/productimages/6/6008640.jpg",
    "price": 4.5,
    "quantity": 0.2,
    "unitPrice": 22.5
  },
  {
    "name": "Sweet Potato & Roasted Cashews Dip",
    "url": "https://www.coles.com.au/product/yumi's-sweet-potato-&-roasted-cashews-dip-200g-6008650",
    "img": "https://productimages.coles.com.au/productimages/6/6008650.jpg",
    "price": 4.5,
    "quantity": 0.2,
    "unitPrice": 22.5
  },
  {
    "name": "Classic Dip Baba Ganoosh",
    "url": "https://www.coles.com.au/product/yumi's-classic-dip-baba-ganoosh-200g-6416624",
    "img": "https://productimages.coles.com.au/productimages/6/6416624.jpg",
    "price": 4.5,
    "quantity": 0.2,
    "unitPrice": 22.5
  },
  {
    "name": "Kalamata Olive Dip",
    "url": "https://www.coles.com.au/product/yumi's-kalamata-olive-dip-200g-7117447",
    "img": "https://productimages.coles.com.au/productimages/7/7117447.jpg",
    "price": 4.5,
    "quantity": 0.2,
    "unitPrice": 22.5
  },
  {
    "name": "Spicy Capsicum with Cashews Dip",
    "url": "https://www.coles.com.au/product/yumi's-spicy-capsicum-with-cashews-dip-200g-8563390",
    "img": "https://productimages.coles.com.au/productimages/8/8563390.jpg",
    "price": 4.5,
    "quantity": 0.2,
    "unitPrice": 22.5
  },
  {
    "name": "Mediterranean Eggplant Dip",
    "url": "https://www.coles.com.au/product/yumi's-mediterranean-eggplant-dip-200g-8670878",
    "img": "https://productimages.coles.com.au/productimages/8/8670878.jpg",
    "price": 4.5,
    "quantity": 0.2,
    "unitPrice": 22.5
  },
  {
    "name": "Egg With Mayo Dip",
    "url": "https://www.coles.com.au/product/yumi's-egg-with-mayo-dip-200g-8670889",
    "img": "https://productimages.coles.com.au/productimages/8/8670889.jpg",
    "price": 4.5,
    "quantity": 0.2,
    "unitPrice": 22.5
  },
  {
    "name": "Green Olive Dip",
    "url": "https://www.coles.com.au/product/yumi's-green-olive-dip-200g-8670903",
    "img": "https://productimages.coles.com.au/productimages/8/8670903.jpg",
    "price": 4.5,
    "quantity": 0.2,
    "unitPrice": 22.5
  },
  {
    "name": "Middle Eastern Hommus Dip",
    "url": "https://www.coles.com.au/product/yumi's-middle-eastern-hommus-dip-200g-8670914",
    "img": "https://productimages.coles.com.au/productimages/8/8670914.jpg",
    "price": 4.5,
    "quantity": 0.2,
    "unitPrice": 22.5
  },
  {
    "name": "Spinach Dip",
    "url": "https://www.coles.com.au/product/yumi's-spinach-dip-200g-8670925",
    "img": "https://productimages.coles.com.au/productimages/8/8670925.jpg",
    "price": 4.5,
    "quantity": 0.2,
    "unitPrice": 22.5
  },
  {
    "name": "Roasted Beetroot Dip",
    "url": "https://www.coles.com.au/product/yumi's-roasted-beetroot-dip-200g-8670947",
    "img": "https://productimages.coles.com.au/productimages/8/8670947.jpg",
    "price": 4.5,
    "quantity": 0.2,
    "unitPrice": 22.5
  },
  {
    "name": "Fetta Cheese",
    "url": "https://www.coles.com.au/product/coles-deli-fetta-cheese-approx.-100g-3218894",
    "img": "https://productimages.coles.com.au/productimages/3/3218894.jpg",
    "price": 2.25,
    "quantity": 0.1,
    "unitPrice": 22.5
  },
  {
    "name": "Rainbow Sprinkles",
    "url": "https://www.coles.com.au/product/coles-rainbow-sprinkles-200g-2441765",
    "img": "https://productimages.coles.com.au/productimages/2/2441765.jpg",
    "price": 4.5,
    "quantity": 0.2,
    "unitPrice": 22.5
  },
  {
    "name": "Dried Apples",
    "url": "https://www.coles.com.au/product/angas-park-dried-apples-200g-9202172",
    "img": "https://productimages.coles.com.au/productimages/9/9202172.jpg",
    "price": 4.5,
    "quantity": 0.2,
    "unitPrice": 22.5
  },
  {
    "name": "Rainbow Sprinkles",
    "url": "https://www.coles.com.au/product/coles-rainbow-sprinkles-200g-2441765",
    "img": "https://productimages.coles.com.au/productimages/2/2441765.jpg",
    "price": 4.5,
    "quantity": 0.2,
    "unitPrice": 22.5
  },
  {
    "name": "Dried Apples",
    "url": "https://www.coles.com.au/product/angas-park-dried-apples-200g-9202172",
    "img": "https://productimages.coles.com.au/productimages/9/9202172.jpg",
    "price": 4.5,
    "quantity": 0.2,
    "unitPrice": 22.5
  },
  {
    "name": "50% Less Sugar Cereal Cinnamon Donut",
    "url": "https://www.coles.com.au/product/the-no-nasties-project-50%-less-sugar-cereal-cinnamon-donut-285g-5294587",
    "img": "https://productimages.coles.com.au/productimages/5/5294587.jpg",
    "price": 6.4,
    "quantity": 0.285,
    "unitPrice": 22.5
  },
  {
    "name": "50% Less Sugar Cereal Chocolate Bombs",
    "url": "https://www.coles.com.au/product/the-no-nasties-project-50%-less-sugar-cereal-chocolate-bombs-285g-5296560",
    "img": "https://productimages.coles.com.au/productimages/5/5296560.jpg",
    "price": 6.4,
    "quantity": 0.285,
    "unitPrice": 22.5
  },
  {
    "name": "50% Less Sugar Cereal Fruity Loops",
    "url": "https://www.coles.com.au/product/the-no-nasties-project-50%-less-sugar-cereal-fruity-loops-285g-5296630",
    "img": "https://productimages.coles.com.au/productimages/5/5296630.jpg",
    "price": 6.4,
    "quantity": 0.285,
    "unitPrice": 22.5
  },
  {
    "name": "50% Less Sugar Cereal Cinnamon Donut",
    "url": "https://www.coles.com.au/product/the-no-nasties-project-50%-less-sugar-cereal-cinnamon-donut-285g-5294587",
    "img": "https://productimages.coles.com.au/productimages/5/5294587.jpg",
    "price": 6.4,
    "quantity": 0.285,
    "unitPrice": 22.5
  },
  {
    "name": "50% Less Sugar Cereal Chocolate Bombs",
    "url": "https://www.coles.com.au/product/the-no-nasties-project-50%-less-sugar-cereal-chocolate-bombs-285g-5296560",
    "img": "https://productimages.coles.com.au/productimages/5/5296560.jpg",
    "price": 6.4,
    "quantity": 0.285,
    "unitPrice": 22.5
  },
  {
    "name": "50% Less Sugar Cereal Fruity Loops",
    "url": "https://www.coles.com.au/product/the-no-nasties-project-50%-less-sugar-cereal-fruity-loops-285g-5296630",
    "img": "https://productimages.coles.com.au/productimages/5/5296630.jpg",
    "price": 6.4,
    "quantity": 0.285,
    "unitPrice": 22.5
  },
  {
    "name": "Taco Sauce Mild",
    "url": "https://www.coles.com.au/product/old-el-paso-taco-sauce-mild-200g-291413",
    "img": "https://productimages.coles.com.au/productimages/2/291413.jpg",
    "price": 4.5,
    "quantity": 0.2,
    "unitPrice": 22.5
  },
  {
    "name": "Hot Taco Sauce",
    "url": "https://www.coles.com.au/product/old-el-paso-hot-taco-sauce-200g-404633",
    "img": "https://productimages.coles.com.au/productimages/4/404633.jpg",
    "price": 4.5,
    "quantity": 0.2,
    "unitPrice": 22.5
  },
  {
    "name": "Stand 'N Stuff Taco Kit Mexican Style",
    "url": "https://www.coles.com.au/product/old-el-paso-stand-'n-stuff-taco-kit-mexican-style-295g-4565510",
    "img": "https://productimages.coles.com.au/productimages/4/4565510.jpg",
    "price": 6.65,
    "quantity": 0.295,
    "unitPrice": 22.5
  },
  {
    "name": "Indonesian Rendang Curry",
    "url": "https://www.coles.com.au/product/the-spice-tailor-indonesian-rendang-curry-275g-3735830",
    "img": "https://productimages.coles.com.au/productimages/3/3735830.jpg",
    "price": 6.2,
    "quantity": 0.275,
    "unitPrice": 22.5
  },
  {
    "name": "Thai Red Curry",
    "url": "https://www.coles.com.au/product/the-spice-tailor-thai-red-curry-275g-3735841",
    "img": "https://productimages.coles.com.au/productimages/3/3735841.jpg",
    "price": 6.2,
    "quantity": 0.275,
    "unitPrice": 22.5
  },
  {
    "name": "Thai Green Curry",
    "url": "https://www.coles.com.au/product/the-spice-tailor-thai-green-curry-275g-3735852",
    "img": "https://productimages.coles.com.au/productimages/3/3735852.jpg",
    "price": 6.2,
    "quantity": 0.275,
    "unitPrice": 22.5
  },
  {
    "name": "Massaman Curry",
    "url": "https://www.coles.com.au/product/the-spice-tailor-massaman-curry-275g-7384206",
    "img": "https://productimages.coles.com.au/productimages/7/7384206.jpg",
    "price": 6.2,
    "quantity": 0.275,
    "unitPrice": 22.5
  },
  {
    "name": "Gluten Free Lasagna",
    "url": "https://www.coles.com.au/product/san-remo-gluten-free-lasagna-200g-4275973",
    "img": "https://productimages.coles.com.au/productimages/4/4275973.jpg",
    "price": 4.5,
    "quantity": 0.2,
    "unitPrice": 22.5
  },
  {
    "name": "Indonesian Rendang Curry",
    "url": "https://www.coles.com.au/product/the-spice-tailor-indonesian-rendang-curry-275g-3735830",
    "img": "https://productimages.coles.com.au/productimages/3/3735830.jpg",
    "price": 6.2,
    "quantity": 0.275,
    "unitPrice": 22.5
  },
  {
    "name": "Thai Red Curry",
    "url": "https://www.coles.com.au/product/the-spice-tailor-thai-red-curry-275g-3735841",
    "img": "https://productimages.coles.com.au/productimages/3/3735841.jpg",
    "price": 6.2,
    "quantity": 0.275,
    "unitPrice": 22.5
  },
  {
    "name": "Thai Green Curry",
    "url": "https://www.coles.com.au/product/the-spice-tailor-thai-green-curry-275g-3735852",
    "img": "https://productimages.coles.com.au/productimages/3/3735852.jpg",
    "price": 6.2,
    "quantity": 0.275,
    "unitPrice": 22.5
  },
  {
    "name": "Slow Cooked Cajun Pulled Pork Pie 2 pack",
    "url": "https://www.coles.com.au/product/herbert-adams-slow-cooked-cajun-pulled-pork-pie-2-pack-400g-6516243",
    "img": "https://productimages.coles.com.au/productimages/6/6516243.jpg",
    "price": 9,
    "quantity": 0.4,
    "unitPrice": 22.5
  },
  {
    "name": "Prawn & Green Curry Fried Rice",
    "url": "https://www.coles.com.au/product/kb-prawn-&-green-curry-fried-rice-400g-7035105",
    "img": "https://productimages.coles.com.au/productimages/7/7035105.jpg",
    "price": 9,
    "quantity": 0.4,
    "unitPrice": 22.5
  },
  {
    "name": "Slow Cooked Cajun Pulled Pork Pie 2 pack",
    "url": "https://www.coles.com.au/product/herbert-adams-slow-cooked-cajun-pulled-pork-pie-2-pack-400g-6516243",
    "img": "https://productimages.coles.com.au/productimages/6/6516243.jpg",
    "price": 9,
    "quantity": 0.4,
    "unitPrice": 22.5
  },
  {
    "name": "Prawn & Green Curry Fried Rice",
    "url": "https://www.coles.com.au/product/kb-prawn-&-green-curry-fried-rice-400g-7035105",
    "img": "https://productimages.coles.com.au/productimages/7/7035105.jpg",
    "price": 9,
    "quantity": 0.4,
    "unitPrice": 22.5
  },
  {
    "name": "RSPCA Approved Chicken Breast Tenders Plain Crumb",
    "url": "https://www.coles.com.au/product/coles-rspca-approved-chicken-breast-tenders-plain-crumb-400g-5245990",
    "img": "https://productimages.coles.com.au/productimages/5/5245990.jpg",
    "price": 9,
    "quantity": 0.4,
    "unitPrice": 22.5
  },
  {
    "name": "Grass-Fed Beef Lasagne",
    "url": "https://www.coles.com.au/product/cleaver's-organic-grass-fed-beef-lasagne-600g-3489508",
    "img": "https://productimages.coles.com.au/productimages/3/3489508.jpg",
    "price": 13.5,
    "quantity": 0.6,
    "unitPrice": 22.5
  },
  {
    "name": "Riviana Baby Prawns",
    "url": "https://www.woolworths.com.au/shop/productdetails/959446",
    "img": "https://cdn0.woolworths.media/content/wowproductimages/medium/959446.jpg",
    "price": 4.5,
    "quantity": 0.2,
    "unitPrice": 22.5
  },
  {
    "name": "Woolworths Good To Go Seasonal Fruit Salad",
    "url": "https://www.woolworths.com.au/shop/productdetails/73192",
    "img": "https://cdn0.woolworths.media/content/wowproductimages/medium/073192.jpg",
    "price": 4.5,
    "quantity": 0.2,
    "unitPrice": 22.5
  },
  {
    "name": "Good To Go Fresh Pineapple",
    "url": "https://www.woolworths.com.au/shop/productdetails/73195",
    "img": "https://cdn0.woolworths.media/content/wowproductimages/medium/073195.jpg",
    "price": 4.5,
    "quantity": 0.2,
    "unitPrice": 22.5
  },
  {
    "name": "Woolworths Good To Go Seasonal Melon Mix",
    "url": "https://www.woolworths.com.au/shop/productdetails/73194",
    "img": "https://cdn0.woolworths.media/content/wowproductimages/medium/073194.jpg",
    "price": 4.5,
    "quantity": 0.2,
    "unitPrice": 22.5
  },
  {
    "name": "Woolworths Mixed Fruit Salad With Passionfruit",
    "url": "https://www.woolworths.com.au/shop/productdetails/73196",
    "img": "https://cdn0.woolworths.media/content/wowproductimages/medium/073196.jpg",
    "price": 4.5,
    "quantity": 0.2,
    "unitPrice": 22.5
  },
  {
    "name": "Woolworths Good To Go Fresh Rockmelon",
    "url": "https://www.woolworths.com.au/shop/productdetails/73197",
    "img": "https://cdn0.woolworths.media/content/wowproductimages/medium/073197.jpg",
    "price": 4.5,
    "quantity": 0.2,
    "unitPrice": 22.5
  },
  {
    "name": "Macro Organic Solanato Tomatoes",
    "url": "https://www.woolworths.com.au/shop/productdetails/688869",
    "img": "https://cdn0.woolworths.media/content/wowproductimages/medium/688869.jpg",
    "price": 4.5,
    "quantity": 0.2,
    "unitPrice": 22.5
  },
  {
    "name": "San Remo Lasagne Gluten Free",
    "url": "https://www.woolworths.com.au/shop/productdetails/242926",
    "img": "https://cdn0.woolworths.media/content/wowproductimages/medium/242926.jpg",
    "price": 4.5,
    "quantity": 0.2,
    "unitPrice": 22.5
  },
  {
    "name": "Primo Kransky Cheese From The Deli",
    "url": "https://www.woolworths.com.au/shop/productdetails/217404",
    "img": "https://cdn0.woolworths.media/content/wowproductimages/medium/217404.jpg",
    "price": 22.5,
    "quantity": 1,
    "unitPrice": 22.5
  },
  {
    "name": "Primo Kransky Double Smoked From The Deli",
    "url": "https://www.woolworths.com.au/shop/productdetails/40556",
    "img": "https://cdn0.woolworths.media/content/wowproductimages/medium/040556.jpg",
    "price": 22.5,
    "quantity": 1,
    "unitPrice": 22.5
  },
  {
    "name": "K-roo Kangaroo Sizzle Steak",
    "url": "https://www.woolworths.com.au/shop/productdetails/120304",
    "img": "https://cdn0.woolworths.media/content/wowproductimages/medium/120304.jpg",
    "price": 9,
    "quantity": 0.4,
    "unitPrice": 22.5
  },
  {
    "name": "Woolworths Nashville Style Chicken Tenders",
    "url": "https://www.woolworths.com.au/shop/productdetails/250851",
    "img": "https://cdn0.woolworths.media/content/wowproductimages/medium/250851.jpg",
    "price": 9,
    "quantity": 0.4,
    "unitPrice": 22.5
  },
  {
    "name": "Woolworths Crumbed Beef Cheeseburger Chips",
    "url": "https://www.woolworths.com.au/shop/productdetails/250902",
    "img": "https://cdn0.woolworths.media/content/wowproductimages/medium/250902.jpg",
    "price": 9,
    "quantity": 0.4,
    "unitPrice": 22.5
  },
  {
    "name": "Noshu 97% Sugar Free Protein Pancake Mix",
    "url": "https://www.woolworths.com.au/shop/productdetails/114578",
    "img": "https://cdn0.woolworths.media/content/wowproductimages/medium/114578.jpg",
    "price": 4.5,
    "quantity": 0.2,
    "unitPrice": 22.5
  },
  {
    "name": "Snackers Market Cheese Strips",
    "url": "https://www.aldi.com.au/en/groceries/fresh-produce/dairy-eggs/dairy-eggs-detail/ps/p/snackers-market-cheese-strips-8pk168g/",
    "img": "https://www.aldi.com.au/fileadmin/_processed_/e/0/csm_1001605-11_1x1_Q4_WEB-AUDIT_SNACKS_228x128_6_88316db964.jpg",
    "price": 3.79,
    "quantity": 0.168,
    "unitPrice": 22.56
  },
  {
    "name": "Soleil Low Fat Chocolate Mousse 2 pack",
    "url": "https://www.coles.com.au/product/pauls-soleil-low-fat-chocolate-mousse-2-pack-124g-8469971",
    "img": "https://productimages.coles.com.au/productimages/8/8469971.jpg",
    "price": 2.8,
    "quantity": 0.124,
    "unitPrice": 22.6
  },
  {
    "name": "Green Label Mango Chutney",
    "url": "https://www.coles.com.au/product/sharwood's-green-label-mango-chutney-354g-204714",
    "img": "https://productimages.coles.com.au/productimages/2/204714.jpg",
    "price": 8,
    "quantity": 0.354,
    "unitPrice": 22.6
  },
  {
    "name": "Green Label Mango & Ginger Chutney",
    "url": "https://www.coles.com.au/product/sharwood's-green-label-mango-&-ginger-chutney-354g-362442",
    "img": "https://productimages.coles.com.au/productimages/3/362442.jpg",
    "price": 8,
    "quantity": 0.354,
    "unitPrice": 22.6
  },
  {
    "name": "Meal Kits Thai Basil Chilli",
    "url": "https://www.coles.com.au/product/mr-chen's-meal-kits-thai-basil-chilli-376g-7362429",
    "img": "https://productimages.coles.com.au/productimages/7/7362429.jpg",
    "price": 8.5,
    "quantity": 0.376,
    "unitPrice": 22.6
  },
  {
    "name": "Big Roll Spicy 9 Pack",
    "url": "https://www.coles.com.au/product/taokaenoi-big-roll-spicy-9-pack-243g-3882529",
    "img": "https://productimages.coles.com.au/productimages/3/3882529.jpg",
    "price": 5.5,
    "quantity": 0.243,
    "unitPrice": 22.6
  },
  {
    "name": "Meal Kits Thai Basil Chilli",
    "url": "https://www.coles.com.au/product/mr-chen's-meal-kits-thai-basil-chilli-376g-7362429",
    "img": "https://productimages.coles.com.au/productimages/7/7362429.jpg",
    "price": 8.5,
    "quantity": 0.376,
    "unitPrice": 22.6
  },
  {
    "name": "Concentrated Beef Stock",
    "url": "https://www.coles.com.au/product/bonox-concentrated-beef-stock-230g-115909",
    "img": "https://productimages.coles.com.au/productimages/1/115909.jpg",
    "price": 5.2,
    "quantity": 0.23,
    "unitPrice": 22.6
  },
  {
    "name": "Frozen Avocado Slices",
    "url": "https://www.coles.com.au/product/creative-gourmet-frozen-avocado-slices-250g-4871120",
    "img": "https://productimages.coles.com.au/productimages/4/4871120.jpg",
    "price": 5.65,
    "quantity": 0.25,
    "unitPrice": 22.6
  },
  {
    "name": "Frozen Gourmet King Island Beef In Rich Gravy Pie  2 pack",
    "url": "https://www.coles.com.au/product/herbert-adams-frozen-gourmet-king-island-beef-in-rich-gravy-pie--2-pack-420g-5043485",
    "img": "https://productimages.coles.com.au/productimages/5/5043485.jpg",
    "price": 9.5,
    "quantity": 0.42,
    "unitPrice": 22.6
  },
  {
    "name": "Frozen Chicken & Leek Pie 2 pack",
    "url": "https://www.coles.com.au/product/herbert-adams-frozen-chicken-&-leek-pie-2-pack-420g-7144734",
    "img": "https://productimages.coles.com.au/productimages/7/7144734.jpg",
    "price": 9.5,
    "quantity": 0.42,
    "unitPrice": 22.6
  },
  {
    "name": "Frozen Avocado Slices",
    "url": "https://www.coles.com.au/product/creative-gourmet-frozen-avocado-slices-250g-4871120",
    "img": "https://productimages.coles.com.au/productimages/4/4871120.jpg",
    "price": 5.65,
    "quantity": 0.25,
    "unitPrice": 22.6
  },
  {
    "name": "Frozen Gourmet King Island Beef In Rich Gravy Pie  2 pack",
    "url": "https://www.coles.com.au/product/herbert-adams-frozen-gourmet-king-island-beef-in-rich-gravy-pie--2-pack-420g-5043485",
    "img": "https://productimages.coles.com.au/productimages/5/5043485.jpg",
    "price": 9.5,
    "quantity": 0.42,
    "unitPrice": 22.6
  },
  {
    "name": "Frozen Chicken & Leek Pie 2 pack",
    "url": "https://www.coles.com.au/product/herbert-adams-frozen-chicken-&-leek-pie-2-pack-420g-7144734",
    "img": "https://productimages.coles.com.au/productimages/7/7144734.jpg",
    "price": 9.5,
    "quantity": 0.42,
    "unitPrice": 22.6
  },
  {
    "name": "Creative Gourmet Frozen Avocado Slices",
    "url": "https://www.woolworths.com.au/shop/productdetails/180252",
    "img": "https://cdn0.woolworths.media/content/wowproductimages/medium/180252.jpg",
    "price": 5.65,
    "quantity": 0.25,
    "unitPrice": 22.6
  },
  {
    "name": "Conimex Sambal Oelek Paste Hot Chilli",
    "url": "https://www.woolworths.com.au/shop/productdetails/201050",
    "img": "https://cdn0.woolworths.media/content/wowproductimages/medium/201050.jpg",
    "price": 4.3,
    "quantity": 0.19,
    "unitPrice": 22.6
  },
  {
    "name": "Dollar Sweets 100s & 1000s Jar",
    "url": "https://www.woolworths.com.au/shop/productdetails/491614",
    "img": "https://cdn0.woolworths.media/content/wowproductimages/medium/491614.jpg",
    "price": 3.5,
    "quantity": 0.155,
    "unitPrice": 22.6
  },
  {
    "name": "Dutch Gouda",
    "url": "https://www.coles.com.au/product/coles-dutch-gouda-265g-3796405",
    "img": "https://productimages.coles.com.au/productimages/3/3796405.jpg",
    "price": 6,
    "quantity": 0.265,
    "unitPrice": 22.64
  },
  {
    "name": "Made Easy Slow Cooked Beef Ragu In Tomato Sauce",
    "url": "https://www.coles.com.au/product/coles-made-easy-slow-cooked-beef-ragu-in-tomato-sauce-750g-3156538",
    "img": "https://productimages.coles.com.au/productimages/3/3156538.jpg",
    "price": 17,
    "quantity": 0.75,
    "unitPrice": 22.67
  },
  {
    "name": "Woolworths Portobello Flat Mushrooms Punnet",
    "url": "https://www.woolworths.com.au/shop/productdetails/215609",
    "img": "https://cdn0.woolworths.media/content/wowproductimages/medium/215609.jpg",
    "price": 8.5,
    "quantity": 0.375,
    "unitPrice": 22.67
  },
  {
    "name": "Vanilla Flavoured Custard Pouch",
    "url": "https://www.aldi.com.au/en/groceries/fresh-produce/dairy-eggs/dairy-eggs-detail/ps/p/vanilla-flavoured-custard-pouch-70g/",
    "img": "https://www.aldi.com.au/fileadmin/_processed_/1/2/csm_1000855_ALN-10_1x1_Q1_WEB-AUDIT_228x128_45_b5f0367005.jpg",
    "price": 1.59,
    "quantity": 0.07,
    "unitPrice": 22.7
  },
  {
    "name": "Chocolate Flavoured Custard Pouch",
    "url": "https://www.aldi.com.au/en/groceries/fresh-produce/dairy-eggs/dairy-eggs-detail/ps/p/chocolate-flavoured-custard-pouch-70g/",
    "img": "https://www.aldi.com.au/fileadmin/_processed_/9/1/csm_1000855_ALN-10_1x1_Q1_WEB-AUDIT_228x128_46_a160a8745f.jpg",
    "price": 1.59,
    "quantity": 0.07,
    "unitPrice": 22.7
  },
  {
    "name": "Special K Gluten Free Breakfast Cereal",
    "url": "https://www.coles.com.au/product/kellogg's-special-k-gluten-free-breakfast-cereal-330g-2692878",
    "img": "https://productimages.coles.com.au/productimages/2/2692878.jpg",
    "price": 7.5,
    "quantity": 0.33,
    "unitPrice": 22.7
  },
  {
    "name": "Special K Gluten Free Breakfast Cereal",
    "url": "https://www.coles.com.au/product/kellogg's-special-k-gluten-free-breakfast-cereal-330g-2692878",
    "img": "https://productimages.coles.com.au/productimages/2/2692878.jpg",
    "price": 7.5,
    "quantity": 0.33,
    "unitPrice": 22.7
  },
  {
    "name": "Tangy Crunchy Sandwich Spread",
    "url": "https://www.coles.com.au/product/heinz-tangy-crunchy-sandwich-spread-300g-2682127",
    "img": "https://productimages.coles.com.au/productimages/2/2682127.jpg",
    "price": 6.8,
    "quantity": 0.3,
    "unitPrice": 22.7
  },
  {
    "name": "Twists Strawberry",
    "url": "https://www.coles.com.au/product/twizzlers-twists-strawberry-198g-5445376",
    "img": "https://productimages.coles.com.au/productimages/5/5445376.jpg",
    "price": 4.5,
    "quantity": 0.198,
    "unitPrice": 22.7
  },
  {
    "name": "Chipotle Sauce",
    "url": "https://www.coles.com.au/product/la-costena-chipotle-sauce-220g-3562313",
    "img": "https://productimages.coles.com.au/productimages/3/3562313.jpg",
    "price": 5,
    "quantity": 0.22,
    "unitPrice": 22.7
  },
  {
    "name": "Extra Virgin Olive Oil Light",
    "url": "https://www.coles.com.au/product/cobram-estate-extra-virgin-olive-oil-light-375ml-7452099",
    "img": "https://productimages.coles.com.au/productimages/7/7452099.jpg",
    "price": 8.5,
    "quantity": 0.375,
    "unitPrice": 22.7
  },
  {
    "name": "Extra Virgin Olive Oil Robust",
    "url": "https://www.coles.com.au/product/cobram-estate-extra-virgin-olive-oil-robust-375ml-8370681",
    "img": "https://productimages.coles.com.au/productimages/8/8370681.jpg",
    "price": 8.5,
    "quantity": 0.375,
    "unitPrice": 22.7
  },
  {
    "name": "Extra Virgin Olive Oil Classic",
    "url": "https://www.coles.com.au/product/cobram-estate-extra-virgin-olive-oil-classic-375ml-9389517",
    "img": "https://productimages.coles.com.au/productimages/9/9389517.jpg",
    "price": 8.5,
    "quantity": 0.375,
    "unitPrice": 22.7
  },
  {
    "name": "Frozen Chocolate Bavarian Cheesecake",
    "url": "https://www.coles.com.au/product/sara-lee-frozen-chocolate-bavarian-cheesecake-375g-6125869",
    "img": "https://productimages.coles.com.au/productimages/6/6125869.jpg",
    "price": 8.5,
    "quantity": 0.375,
    "unitPrice": 22.7
  },
  {
    "name": "Frozen Shortcrust Pastry Case",
    "url": "https://www.coles.com.au/product/pampas-frozen-shortcrust-pastry-case-220g-5528225",
    "img": "https://productimages.coles.com.au/productimages/5/5528225.jpg",
    "price": 5,
    "quantity": 0.22,
    "unitPrice": 22.7
  },
  {
    "name": "Frozen Chocolate Bavarian Cheesecake",
    "url": "https://www.coles.com.au/product/sara-lee-frozen-chocolate-bavarian-cheesecake-375g-6125869",
    "img": "https://productimages.coles.com.au/productimages/6/6125869.jpg",
    "price": 8.5,
    "quantity": 0.375,
    "unitPrice": 22.7
  },
  {
    "name": "Frozen Shortcrust Pastry Case",
    "url": "https://www.coles.com.au/product/pampas-frozen-shortcrust-pastry-case-220g-5528225",
    "img": "https://productimages.coles.com.au/productimages/5/5528225.jpg",
    "price": 5,
    "quantity": 0.22,
    "unitPrice": 22.7
  },
  {
    "name": "Yallamundi Farm 6 Large Organic Free Range Eggs",
    "url": "https://www.woolworths.com.au/shop/productdetails/206063",
    "img": "https://cdn0.woolworths.media/content/wowproductimages/medium/206063.jpg",
    "price": 6.8,
    "quantity": 0.3,
    "unitPrice": 22.7
  },
  {
    "name": "Woolworths Belgian Chocolate Brownie",
    "url": "https://www.woolworths.com.au/shop/productdetails/698110",
    "img": "https://cdn0.woolworths.media/content/wowproductimages/medium/698110.jpg",
    "price": 6.8,
    "quantity": 0.3,
    "unitPrice": 22.7
  },
  {
    "name": "Toscano French Style Madeleines Original",
    "url": "https://www.woolworths.com.au/shop/productdetails/243942",
    "img": "https://cdn0.woolworths.media/content/wowproductimages/medium/243942.jpg",
    "price": 5,
    "quantity": 0.22,
    "unitPrice": 22.7
  },
  {
    "name": "Kellogg's Special K Gluten Free Breakfast Cereal",
    "url": "https://www.woolworths.com.au/shop/productdetails/428309",
    "img": "https://cdn0.woolworths.media/content/wowproductimages/medium/428309.jpg",
    "price": 7.5,
    "quantity": 0.33,
    "unitPrice": 22.7
  },
  {
    "name": "Nature Nate's Honey Bear Australian Honey",
    "url": "https://www.woolworths.com.au/shop/productdetails/234086",
    "img": "https://cdn0.woolworths.media/content/wowproductimages/medium/234086.jpg",
    "price": 7.5,
    "quantity": 0.33,
    "unitPrice": 22.7
  },
  {
    "name": "White Wings Cake In A Cup Double Chocolate",
    "url": "https://www.woolworths.com.au/shop/productdetails/443382",
    "img": "https://cdn0.woolworths.media/content/wowproductimages/medium/443382.jpg",
    "price": 5,
    "quantity": 0.22,
    "unitPrice": 22.7
  },
  {
    "name": "White Wings Cake In A Cup Cinnamon Donut",
    "url": "https://www.woolworths.com.au/shop/productdetails/805852",
    "img": "https://cdn0.woolworths.media/content/wowproductimages/medium/805852.jpg",
    "price": 5,
    "quantity": 0.22,
    "unitPrice": 22.7
  },
  {
    "name": "Mt Elephant Double Choc Superfood Cookie Mix",
    "url": "https://www.woolworths.com.au/shop/productdetails/211628",
    "img": "https://cdn0.woolworths.media/content/wowproductimages/medium/211628.jpg",
    "price": 8.5,
    "quantity": 0.375,
    "unitPrice": 22.7
  },
  {
    "name": "Mt Elephant Banana Oat Superfood Cookie Mix",
    "url": "https://www.woolworths.com.au/shop/productdetails/212377",
    "img": "https://cdn0.woolworths.media/content/wowproductimages/medium/212377.jpg",
    "price": 8.5,
    "quantity": 0.375,
    "unitPrice": 22.7
  },
  {
    "name": "Original Oven Roasted Chicken Breast                                                                                ",
    "url": "https://www.coles.com.au/product/moira-mac's-original-oven-roasted-chicken-breast---------------------------------------------------------------------------------350g-2865262",
    "img": "https://productimages.coles.com.au/productimages/2/2865262.jpg",
    "price": 7.95,
    "quantity": 0.35,
    "unitPrice": 22.71
  },
  {
    "name": "BBQ Oven Roasted Chicken Breast",
    "url": "https://www.coles.com.au/product/moira-mac's-bbq-oven-roasted-chicken-breast-350g-2865273",
    "img": "https://productimages.coles.com.au/productimages/2/2865273.jpg",
    "price": 7.95,
    "quantity": 0.35,
    "unitPrice": 22.71
  },
  {
    "name": "Moira Mac's Portuguese Roasted Chicken Breast",
    "url": "https://www.woolworths.com.au/shop/productdetails/175691",
    "img": "https://cdn0.woolworths.media/content/wowproductimages/medium/175691.jpg",
    "price": 7.95,
    "quantity": 0.35,
    "unitPrice": 22.71
  },
  {
    "name": "Westacre Dairy Shredded Parmesan Cheese",
    "url": "https://www.aldi.com.au/en/groceries/fresh-produce/dairy-eggs/dairy-eggs-detail/ps/p/westacre-dairy-shredded-parmesan-cheese-250g/",
    "img": "https://www.aldi.com.au/fileadmin/_processed_/d/7/csm_1001605-3_1x1_Q4_WEB-AUDIT_DAIRY_228x128_10_17ec841a87.jpg",
    "price": 5.69,
    "quantity": 0.25,
    "unitPrice": 22.76
  },
  {
    "name": "Regular Cream Cheese Block",
    "url": "https://www.coles.com.au/product/philadelphia-regular-cream-cheese-block-250g-192502",
    "img": "https://productimages.coles.com.au/productimages/1/192502.jpg",
    "price": 5.7,
    "quantity": 0.25,
    "unitPrice": 22.8
  },
  {
    "name": "Light Cream Cheese Tub",
    "url": "https://www.coles.com.au/product/philadelphia-light-cream-cheese-tub-250g-350057",
    "img": "https://productimages.coles.com.au/productimages/3/350057.jpg",
    "price": 5.7,
    "quantity": 0.25,
    "unitPrice": 22.8
  },
  {
    "name": "Lactose Free Block",
    "url": "https://www.coles.com.au/product/philadelphia-lactose-free-block-250g-3575891",
    "img": "https://productimages.coles.com.au/productimages/3/3575891.jpg",
    "price": 5.7,
    "quantity": 0.25,
    "unitPrice": 22.8
  },
  {
    "name": "Soft Cream Cheese Tub",
    "url": "https://www.coles.com.au/product/philadelphia-soft-cream-cheese-tub-250g-5196114",
    "img": "https://productimages.coles.com.au/productimages/5/5196114.jpg",
    "price": 5.7,
    "quantity": 0.25,
    "unitPrice": 22.8
  },
  {
    "name": "Light Cream Cheese Block",
    "url": "https://www.coles.com.au/product/philadelphia-light-cream-cheese-block-250g-5590885",
    "img": "https://productimages.coles.com.au/productimages/5/5590885.jpg",
    "price": 5.7,
    "quantity": 0.25,
    "unitPrice": 22.8
  },
  {
    "name": "Eat Well Fusilli Chicken Mediterranean Veg Sauce",
    "url": "https://www.coles.com.au/product/coles-eat-well-fusilli-chicken-mediterranean-veg-sauce-390g-6479577",
    "img": "https://productimages.coles.com.au/productimages/6/6479577.jpg",
    "price": 8.9,
    "quantity": 0.39,
    "unitPrice": 22.8
  },
  {
    "name": "Baking Powder",
    "url": "https://www.coles.com.au/product/mckenzie's-baking-powder-125g-5110298",
    "img": "https://productimages.coles.com.au/productimages/5/5110298.jpg",
    "price": 2.85,
    "quantity": 0.125,
    "unitPrice": 22.8
  },
  {
    "name": "Baking Powder",
    "url": "https://www.coles.com.au/product/mckenzie's-baking-powder-125g-5110298",
    "img": "https://productimages.coles.com.au/productimages/5/5110298.jpg",
    "price": 2.85,
    "quantity": 0.125,
    "unitPrice": 22.8
  },
  {
    "name": "Smooth And Aromatic Medium Roast Ground Coffee",
    "url": "https://www.coles.com.au/product/lavazza-smooth-and-aromatic-medium-roast-ground-coffee-1kg-4965938",
    "img": "https://productimages.coles.com.au/productimages/4/4965938.jpg",
    "price": 22.8,
    "quantity": 1,
    "unitPrice": 22.8
  },
  {
    "name": "Medium Roast Smooth And Aromatic Coffee Beans",
    "url": "https://www.coles.com.au/product/lavazza-medium-roast-smooth-and-aromatic-coffee-beans-1kg-8967050",
    "img": "https://productimages.coles.com.au/productimages/8/8967050.jpg",
    "price": 22.8,
    "quantity": 1,
    "unitPrice": 22.8
  },
  {
    "name": "Chicken Noodle Bowl",
    "url": "https://www.coles.com.au/product/nissin-chicken-noodle-bowl-114g-1383700",
    "img": "https://productimages.coles.com.au/productimages/1/1383700.jpg",
    "price": 2.6,
    "quantity": 0.114,
    "unitPrice": 22.8
  },
  {
    "name": "Macro Natural Almond Spread",
    "url": "https://www.woolworths.com.au/shop/productdetails/357265",
    "img": "https://cdn0.woolworths.media/content/wowproductimages/medium/357265.jpg",
    "price": 5.7,
    "quantity": 0.25,
    "unitPrice": 22.8
  },
  {
    "name": "Macro Natural Brazil, Almond & Cashew Spread",
    "url": "https://www.woolworths.com.au/shop/productdetails/357269",
    "img": "https://cdn0.woolworths.media/content/wowproductimages/medium/357269.jpg",
    "price": 5.7,
    "quantity": 0.25,
    "unitPrice": 22.8
  },
  {
    "name": "Macro Natural Cashew Spread",
    "url": "https://www.woolworths.com.au/shop/productdetails/357267",
    "img": "https://cdn0.woolworths.media/content/wowproductimages/medium/357267.jpg",
    "price": 5.7,
    "quantity": 0.25,
    "unitPrice": 22.8
  },
  {
    "name": "Mckenzie's Baking Powder",
    "url": "https://www.woolworths.com.au/shop/productdetails/7932",
    "img": "https://cdn0.woolworths.media/content/wowproductimages/medium/007932.jpg",
    "price": 2.85,
    "quantity": 0.125,
    "unitPrice": 22.8
  },
  {
    "name": "Whiting Fish Finger",
    "url": "https://www.coles.com.au/product/birds-eye-whiting-fish-finger-350g-4505982",
    "img": "https://productimages.coles.com.au/productimages/4/4505982.jpg",
    "price": 8,
    "quantity": 0.35,
    "unitPrice": 22.86
  },
  {
    "name": "Whiting Fish Finger",
    "url": "https://www.coles.com.au/product/birds-eye-whiting-fish-finger-350g-4505982",
    "img": "https://productimages.coles.com.au/productimages/4/4505982.jpg",
    "price": 8,
    "quantity": 0.35,
    "unitPrice": 22.86
  },
  {
    "name": "Made Easy Butter Chicken Puff Pastry Parcel",
    "url": "https://www.coles.com.au/product/coles-made-easy-butter-chicken-puff-pastry-parcel-350g-6506590",
    "img": "https://productimages.coles.com.au/productimages/6/6506590.jpg",
    "price": 8,
    "quantity": 0.35,
    "unitPrice": 22.86
  },
  {
    "name": "Made Easy Roast Beef Crusted In Garlic",
    "url": "https://www.coles.com.au/product/coles-made-easy-roast-beef-crusted-in-garlic-700g-6413874",
    "img": "https://productimages.coles.com.au/productimages/6/6413874.jpg",
    "price": 16,
    "quantity": 0.7,
    "unitPrice": 22.86
  },
  {
    "name": "Woolworths Red Salmon",
    "url": "https://www.woolworths.com.au/shop/productdetails/220701",
    "img": "https://cdn0.woolworths.media/content/wowproductimages/medium/220701.jpg",
    "price": 9.5,
    "quantity": 0.415,
    "unitPrice": 22.89
  },
  {
    "name": "John West Salmon Pink",
    "url": "https://www.woolworths.com.au/shop/productdetails/73595",
    "img": "https://cdn0.woolworths.media/content/wowproductimages/medium/073595.jpg",
    "price": 9.5,
    "quantity": 0.415,
    "unitPrice": 22.89
  },
  {
    "name": "Woolworths Walnuts Californian",
    "url": "https://www.woolworths.com.au/shop/productdetails/726359",
    "img": "https://cdn0.woolworths.media/content/wowproductimages/medium/726359.jpg",
    "price": 4.35,
    "quantity": 0.19,
    "unitPrice": 22.89
  },
  {
    "name": "Kitchen Macaroni Cheese",
    "url": "https://www.coles.com.au/product/coles-kitchen-macaroni-cheese-350g-1728200",
    "img": "https://productimages.coles.com.au/productimages/1/1728200.jpg",
    "price": 8,
    "quantity": 0.35,
    "unitPrice": 22.9
  },
  {
    "name": "Kitchen Chicken Biryani",
    "url": "https://www.coles.com.au/product/coles-kitchen-chicken-biryani-350g-2389600",
    "img": "https://productimages.coles.com.au/productimages/2/2389600.jpg",
    "price": 8,
    "quantity": 0.35,
    "unitPrice": 22.9
  },
  {
    "name": "Kitchen Bolognese Bake",
    "url": "https://www.coles.com.au/product/coles-kitchen-bolognese-bake-350g-2680755",
    "img": "https://productimages.coles.com.au/productimages/2/2680755.jpg",
    "price": 8,
    "quantity": 0.35,
    "unitPrice": 22.9
  },
  {
    "name": "Kitchen Chicken & Bacon Pasta Bake",
    "url": "https://www.coles.com.au/product/coles-kitchen-chicken-&-bacon-pasta-bake-350g-2680766",
    "img": "https://productimages.coles.com.au/productimages/2/2680766.jpg",
    "price": 8,
    "quantity": 0.35,
    "unitPrice": 22.9
  },
  {
    "name": "Kitchen Braised Beef & Mash",
    "url": "https://www.coles.com.au/product/coles-kitchen-braised-beef-&-mash-350g-3467968",
    "img": "https://productimages.coles.com.au/productimages/3/3467968.jpg",
    "price": 8,
    "quantity": 0.35,
    "unitPrice": 22.9
  },
  {
    "name": "Kitchen Pumpkin Risotto",
    "url": "https://www.coles.com.au/product/coles-kitchen-pumpkin-risotto-350g-3467990",
    "img": "https://productimages.coles.com.au/productimages/3/3467990.jpg",
    "price": 8,
    "quantity": 0.35,
    "unitPrice": 22.9
  },
  {
    "name": "Kitchen Beef Stroganoff And Rice",
    "url": "https://www.coles.com.au/product/coles-kitchen-beef-stroganoff-and-rice-350g-3771109",
    "img": "https://productimages.coles.com.au/productimages/3/3771109.jpg",
    "price": 8,
    "quantity": 0.35,
    "unitPrice": 22.9
  },
  {
    "name": "Kitchen Spinach & Ricotta Cannelloni",
    "url": "https://www.coles.com.au/product/coles-kitchen-spinach-&-ricotta-cannelloni-350g-3771277",
    "img": "https://productimages.coles.com.au/productimages/3/3771277.jpg",
    "price": 8,
    "quantity": 0.35,
    "unitPrice": 22.9
  },
  {
    "name": "Kitchen Chicken Korma And Rice",
    "url": "https://www.coles.com.au/product/coles-kitchen-chicken-korma-and-rice-350g-3771368",
    "img": "https://productimages.coles.com.au/productimages/3/3771368.jpg",
    "price": 8,
    "quantity": 0.35,
    "unitPrice": 22.9
  },
  {
    "name": "Kitchen Pesto And Sundried Tomato Gnocchi",
    "url": "https://www.coles.com.au/product/coles-kitchen-pesto-and-sundried-tomato-gnocchi-350g-3903458",
    "img": "https://productimages.coles.com.au/productimages/3/3903458.jpg",
    "price": 8,
    "quantity": 0.35,
    "unitPrice": 22.9
  },
  {
    "name": "Kitchen Pepperoni Pasta Bake",
    "url": "https://www.coles.com.au/product/coles-kitchen-pepperoni-pasta-bake-350g-4217933",
    "img": "https://productimages.coles.com.au/productimages/4/4217933.jpg",
    "price": 8,
    "quantity": 0.35,
    "unitPrice": 22.9
  },
  {
    "name": "Kitchen Pulled Pork Mac N Cheese",
    "url": "https://www.coles.com.au/product/coles-kitchen-pulled-pork-mac-n-cheese-350g-5586800",
    "img": "https://productimages.coles.com.au/productimages/5/5586800.jpg",
    "price": 8,
    "quantity": 0.35,
    "unitPrice": 22.9
  },
  {
    "name": "Kitchen Cottage Pie",
    "url": "https://www.coles.com.au/product/coles-kitchen-cottage-pie-350g-5586833",
    "img": "https://productimages.coles.com.au/productimages/5/5586833.jpg",
    "price": 8,
    "quantity": 0.35,
    "unitPrice": 22.9
  },
  {
    "name": "Kitchen Chicken Leek Pie",
    "url": "https://www.coles.com.au/product/coles-kitchen-chicken-leek-pie-350g-5587111",
    "img": "https://productimages.coles.com.au/productimages/5/5587111.jpg",
    "price": 8,
    "quantity": 0.35,
    "unitPrice": 22.9
  },
  {
    "name": "Kitchen Chicken Pesto Pasta Bake",
    "url": "https://www.coles.com.au/product/coles-kitchen-chicken-pesto-pasta-bake-350g-6009880",
    "img": "https://productimages.coles.com.au/productimages/6/6009880.jpg",
    "price": 8,
    "quantity": 0.35,
    "unitPrice": 22.9
  },
  {
    "name": "Kitchen Butter Chicken",
    "url": "https://www.coles.com.au/product/coles-kitchen-butter-chicken-350g-7156915",
    "img": "https://productimages.coles.com.au/productimages/7/7156915.jpg",
    "price": 8,
    "quantity": 0.35,
    "unitPrice": 22.9
  },
  {
    "name": "Perform Build Lemon & Herb Chicken",
    "url": "https://www.coles.com.au/product/coles-perform-build-lemon-&-herb-chicken-435g-5070987",
    "img": "https://productimages.coles.com.au/productimages/5/5070987.jpg",
    "price": 9.95,
    "quantity": 0.435,
    "unitPrice": 22.9
  },
  {
    "name": "Frozen Plant Based Meal Spaghetti Bolognese",
    "url": "https://www.coles.com.au/product/plantry-frozen-plant-based-meal-spaghetti-bolognese-350g-3943485",
    "img": "https://productimages.coles.com.au/productimages/3/3943485.jpg",
    "price": 8,
    "quantity": 0.35,
    "unitPrice": 22.9
  },
  {
    "name": "Frozen Plant Based Meal Lasagna",
    "url": "https://www.coles.com.au/product/plantry-frozen-plant-based-meal-lasagna-350g-3943496",
    "img": "https://productimages.coles.com.au/productimages/3/3943496.jpg",
    "price": 8,
    "quantity": 0.35,
    "unitPrice": 22.9
  },
  {
    "name": "Frozen Plant Based Meal Pad Thai",
    "url": "https://www.coles.com.au/product/plantry-frozen-plant-based-meal-pad-thai-350g-3943521",
    "img": "https://productimages.coles.com.au/productimages/3/3943521.jpg",
    "price": 8,
    "quantity": 0.35,
    "unitPrice": 22.9
  },
  {
    "name": "Frozen Plant Based Teriyaki Meal",
    "url": "https://www.coles.com.au/product/plantry-frozen-plant-based-teriyaki-meal-350g-6038695",
    "img": "https://productimages.coles.com.au/productimages/6/6038695.jpg",
    "price": 8,
    "quantity": 0.35,
    "unitPrice": 22.9
  },
  {
    "name": "Plant Based Carbonara Meal",
    "url": "https://www.coles.com.au/product/plantry-plant-based-carbonara-meal-350g-7035150",
    "img": "https://productimages.coles.com.au/productimages/7/7035150.jpg",
    "price": 8,
    "quantity": 0.35,
    "unitPrice": 22.9
  },
  {
    "name": "Prawn Hargow",
    "url": "https://www.coles.com.au/product/mr-chen's-prawn-hargow-700g-5288100",
    "img": "https://productimages.coles.com.au/productimages/5/5288100.jpg",
    "price": 16,
    "quantity": 0.7,
    "unitPrice": 22.9
  },
  {
    "name": "Bbq Pork Dumplings",
    "url": "https://www.coles.com.au/product/mr-chen's-bbq-pork-dumplings-700g-5288110",
    "img": "https://productimages.coles.com.au/productimages/5/5288110.jpg",
    "price": 16,
    "quantity": 0.7,
    "unitPrice": 22.9
  },
  {
    "name": "Potato & Gravy Kyiv",
    "url": "https://www.coles.com.au/product/coles-potato-&-gravy-kyiv-240g-6543359",
    "img": "https://productimages.coles.com.au/productimages/6/6543359.jpg",
    "price": 5.5,
    "quantity": 0.24,
    "unitPrice": 22.9
  },
  {
    "name": "Topped Tiramisu",
    "url": "https://www.coles.com.au/product/ben-&-jerrys-topped-tiramisu-436ml-5488357",
    "img": "https://productimages.coles.com.au/productimages/5/5488357.jpg",
    "price": 10,
    "quantity": 0.436,
    "unitPrice": 22.9
  },
  {
    "name": "Topped PB Overtop",
    "url": "https://www.coles.com.au/product/ben-&-jerrys-topped-pb-overtop-436ml-5488404",
    "img": "https://productimages.coles.com.au/productimages/5/5488404.jpg",
    "price": 10,
    "quantity": 0.436,
    "unitPrice": 22.9
  },
  {
    "name": "Frozen Plant Based Meal Spaghetti Bolognese",
    "url": "https://www.coles.com.au/product/plantry-frozen-plant-based-meal-spaghetti-bolognese-350g-3943485",
    "img": "https://productimages.coles.com.au/productimages/3/3943485.jpg",
    "price": 8,
    "quantity": 0.35,
    "unitPrice": 22.9
  },
  {
    "name": "Frozen Plant Based Meal Lasagna",
    "url": "https://www.coles.com.au/product/plantry-frozen-plant-based-meal-lasagna-350g-3943496",
    "img": "https://productimages.coles.com.au/productimages/3/3943496.jpg",
    "price": 8,
    "quantity": 0.35,
    "unitPrice": 22.9
  },
  {
    "name": "Frozen Plant Based Meal Pad Thai",
    "url": "https://www.coles.com.au/product/plantry-frozen-plant-based-meal-pad-thai-350g-3943521",
    "img": "https://productimages.coles.com.au/productimages/3/3943521.jpg",
    "price": 8,
    "quantity": 0.35,
    "unitPrice": 22.9
  },
  {
    "name": "Frozen Plant Based Teriyaki Meal",
    "url": "https://www.coles.com.au/product/plantry-frozen-plant-based-teriyaki-meal-350g-6038695",
    "img": "https://productimages.coles.com.au/productimages/6/6038695.jpg",
    "price": 8,
    "quantity": 0.35,
    "unitPrice": 22.9
  },
  {
    "name": "Plant Based Carbonara Meal",
    "url": "https://www.coles.com.au/product/plantry-plant-based-carbonara-meal-350g-7035150",
    "img": "https://productimages.coles.com.au/productimages/7/7035150.jpg",
    "price": 8,
    "quantity": 0.35,
    "unitPrice": 22.9
  },
  {
    "name": "Prawn Hargow",
    "url": "https://www.coles.com.au/product/mr-chen's-prawn-hargow-700g-5288100",
    "img": "https://productimages.coles.com.au/productimages/5/5288100.jpg",
    "price": 16,
    "quantity": 0.7,
    "unitPrice": 22.9
  },
  {
    "name": "Bbq Pork Dumplings",
    "url": "https://www.coles.com.au/product/mr-chen's-bbq-pork-dumplings-700g-5288110",
    "img": "https://productimages.coles.com.au/productimages/5/5288110.jpg",
    "price": 16,
    "quantity": 0.7,
    "unitPrice": 22.9
  },
  {
    "name": "Potato & Gravy Kyiv",
    "url": "https://www.coles.com.au/product/coles-potato-&-gravy-kyiv-240g-6543359",
    "img": "https://productimages.coles.com.au/productimages/6/6543359.jpg",
    "price": 5.5,
    "quantity": 0.24,
    "unitPrice": 22.9
  },
  {
    "name": "Topped Tiramisu",
    "url": "https://www.coles.com.au/product/ben-&-jerrys-topped-tiramisu-436ml-5488357",
    "img": "https://productimages.coles.com.au/productimages/5/5488357.jpg",
    "price": 10,
    "quantity": 0.436,
    "unitPrice": 22.9
  },
  {
    "name": "Topped PB Overtop",
    "url": "https://www.coles.com.au/product/ben-&-jerrys-topped-pb-overtop-436ml-5488404",
    "img": "https://productimages.coles.com.au/productimages/5/5488404.jpg",
    "price": 10,
    "quantity": 0.436,
    "unitPrice": 22.9
  },
  {
    "name": "Edgell Snack Time Chickpea Olive Oil Garlic & Rosemary",
    "url": "https://www.woolworths.com.au/shop/productdetails/65617",
    "img": "https://cdn0.woolworths.media/content/wowproductimages/medium/065617.jpg",
    "price": 1.6,
    "quantity": 0.07,
    "unitPrice": 22.9
  },
  {
    "name": "Edgell Snack Time Chargrilled Corn Black Beans W Lime & Herbs 70g",
    "url": "https://www.woolworths.com.au/shop/productdetails/153220",
    "img": "https://cdn0.woolworths.media/content/wowproductimages/medium/153220.jpg",
    "price": 1.6,
    "quantity": 0.07,
    "unitPrice": 22.9
  },
  {
    "name": "Edgell Snack Time Chickpeas Salad Topper With Zesty Vinaigrette",
    "url": "https://www.woolworths.com.au/shop/productdetails/65618",
    "img": "https://cdn0.woolworths.media/content/wowproductimages/medium/065618.jpg",
    "price": 1.6,
    "quantity": 0.07,
    "unitPrice": 22.9
  },
  {
    "name": "Edgell Snack Time Chickpeas With Olive Oil & Sea Salt",
    "url": "https://www.woolworths.com.au/shop/productdetails/65619",
    "img": "https://cdn0.woolworths.media/content/wowproductimages/medium/065619.jpg",
    "price": 1.6,
    "quantity": 0.07,
    "unitPrice": 22.9
  },
  {
    "name": "Edgell Snack Time Black Beans Charred & Capsicum With Zesty Salsa",
    "url": "https://www.woolworths.com.au/shop/productdetails/220157",
    "img": "https://cdn0.woolworths.media/content/wowproductimages/medium/220157.jpg",
    "price": 1.6,
    "quantity": 0.07,
    "unitPrice": 22.9
  },
  {
    "name": "Edgell Snack Time Red Kidney Beans Salad Topper With Chilli",
    "url": "https://www.woolworths.com.au/shop/productdetails/65646",
    "img": "https://cdn0.woolworths.media/content/wowproductimages/medium/065646.jpg",
    "price": 1.6,
    "quantity": 0.07,
    "unitPrice": 22.9
  },
  {
    "name": "Edgell Snack Time Chickpeas With Lemon, Tahini & Garlic",
    "url": "https://www.woolworths.com.au/shop/productdetails/292952",
    "img": "https://cdn0.woolworths.media/content/wowproductimages/medium/292952.jpg",
    "price": 1.6,
    "quantity": 0.07,
    "unitPrice": 22.9
  },
  {
    "name": "Edgell Snack Time Sweet Corn Salad Topper With Capsicum & Lime",
    "url": "https://www.woolworths.com.au/shop/productdetails/288168",
    "img": "https://cdn0.woolworths.media/content/wowproductimages/medium/288168.jpg",
    "price": 1.6,
    "quantity": 0.07,
    "unitPrice": 22.9
  },
  {
    "name": "Edgell Snack Time Chickpeas With Fiery Moroccan Spices",
    "url": "https://www.woolworths.com.au/shop/productdetails/290761",
    "img": "https://cdn0.woolworths.media/content/wowproductimages/medium/290761.jpg",
    "price": 1.6,
    "quantity": 0.07,
    "unitPrice": 22.9
  },
  {
    "name": "Edgell Snack Time Chickpea Olive Oil Garlic & Rosemary",
    "url": "https://www.woolworths.com.au/shop/productdetails/65617",
    "img": "https://cdn0.woolworths.media/content/wowproductimages/medium/065617.jpg",
    "price": 1.6,
    "quantity": 0.07,
    "unitPrice": 22.9
  },
  {
    "name": "Edgell Snack Time Chargrilled Corn Black Beans W Lime & Herbs 70g",
    "url": "https://www.woolworths.com.au/shop/productdetails/153220",
    "img": "https://cdn0.woolworths.media/content/wowproductimages/medium/153220.jpg",
    "price": 1.6,
    "quantity": 0.07,
    "unitPrice": 22.9
  },
  {
    "name": "Edgell Snack Time Chickpeas Salad Topper With Zesty Vinaigrette",
    "url": "https://www.woolworths.com.au/shop/productdetails/65618",
    "img": "https://cdn0.woolworths.media/content/wowproductimages/medium/065618.jpg",
    "price": 1.6,
    "quantity": 0.07,
    "unitPrice": 22.9
  },
  {
    "name": "Edgell Snack Time Chickpeas With Olive Oil & Sea Salt",
    "url": "https://www.woolworths.com.au/shop/productdetails/65619",
    "img": "https://cdn0.woolworths.media/content/wowproductimages/medium/065619.jpg",
    "price": 1.6,
    "quantity": 0.07,
    "unitPrice": 22.9
  },
  {
    "name": "Edgell Snack Time Black Beans Charred & Capsicum With Zesty Salsa",
    "url": "https://www.woolworths.com.au/shop/productdetails/220157",
    "img": "https://cdn0.woolworths.media/content/wowproductimages/medium/220157.jpg",
    "price": 1.6,
    "quantity": 0.07,
    "unitPrice": 22.9
  },
  {
    "name": "Edgell Snack Time Red Kidney Beans Salad Topper With Chilli",
    "url": "https://www.woolworths.com.au/shop/productdetails/65646",
    "img": "https://cdn0.woolworths.media/content/wowproductimages/medium/065646.jpg",
    "price": 1.6,
    "quantity": 0.07,
    "unitPrice": 22.9
  },
  {
    "name": "Edgell Snack Time Chickpeas With Lemon, Tahini & Garlic",
    "url": "https://www.woolworths.com.au/shop/productdetails/292952",
    "img": "https://cdn0.woolworths.media/content/wowproductimages/medium/292952.jpg",
    "price": 1.6,
    "quantity": 0.07,
    "unitPrice": 22.9
  },
  {
    "name": "Edgell Snack Time Sweet Corn Salad Topper With Capsicum & Lime",
    "url": "https://www.woolworths.com.au/shop/productdetails/288168",
    "img": "https://cdn0.woolworths.media/content/wowproductimages/medium/288168.jpg",
    "price": 1.6,
    "quantity": 0.07,
    "unitPrice": 22.9
  },
  {
    "name": "Edgell Snack Time Chickpeas With Fiery Moroccan Spices",
    "url": "https://www.woolworths.com.au/shop/productdetails/290761",
    "img": "https://cdn0.woolworths.media/content/wowproductimages/medium/290761.jpg",
    "price": 1.6,
    "quantity": 0.07,
    "unitPrice": 22.9
  },
  {
    "name": "The Big Cheese Extra Large Mac & Cheese",
    "url": "https://www.woolworths.com.au/shop/productdetails/212792",
    "img": "https://cdn0.woolworths.media/content/wowproductimages/medium/212792.jpg",
    "price": 2.4,
    "quantity": 0.105,
    "unitPrice": 22.9
  },
  {
    "name": "Edgell Snack Time Chickpea Olive Oil Garlic & Rosemary",
    "url": "https://www.woolworths.com.au/shop/productdetails/65617",
    "img": "https://cdn0.woolworths.media/content/wowproductimages/medium/065617.jpg",
    "price": 1.6,
    "quantity": 0.07,
    "unitPrice": 22.9
  },
  {
    "name": "Edgell Snack Time Chargrilled Corn Black Beans W Lime & Herbs 70g",
    "url": "https://www.woolworths.com.au/shop/productdetails/153220",
    "img": "https://cdn0.woolworths.media/content/wowproductimages/medium/153220.jpg",
    "price": 1.6,
    "quantity": 0.07,
    "unitPrice": 22.9
  },
  {
    "name": "Edgell Snack Time Chickpeas Salad Topper With Zesty Vinaigrette",
    "url": "https://www.woolworths.com.au/shop/productdetails/65618",
    "img": "https://cdn0.woolworths.media/content/wowproductimages/medium/065618.jpg",
    "price": 1.6,
    "quantity": 0.07,
    "unitPrice": 22.9
  },
  {
    "name": "Edgell Snack Time Chickpeas With Olive Oil & Sea Salt",
    "url": "https://www.woolworths.com.au/shop/productdetails/65619",
    "img": "https://cdn0.woolworths.media/content/wowproductimages/medium/065619.jpg",
    "price": 1.6,
    "quantity": 0.07,
    "unitPrice": 22.9
  },
  {
    "name": "Edgell Snack Time Black Beans Charred & Capsicum With Zesty Salsa",
    "url": "https://www.woolworths.com.au/shop/productdetails/220157",
    "img": "https://cdn0.woolworths.media/content/wowproductimages/medium/220157.jpg",
    "price": 1.6,
    "quantity": 0.07,
    "unitPrice": 22.9
  },
  {
    "name": "Edgell Snack Time Red Kidney Beans Salad Topper With Chilli",
    "url": "https://www.woolworths.com.au/shop/productdetails/65646",
    "img": "https://cdn0.woolworths.media/content/wowproductimages/medium/065646.jpg",
    "price": 1.6,
    "quantity": 0.07,
    "unitPrice": 22.9
  },
  {
    "name": "Edgell Snack Time Chickpeas With Lemon, Tahini & Garlic",
    "url": "https://www.woolworths.com.au/shop/productdetails/292952",
    "img": "https://cdn0.woolworths.media/content/wowproductimages/medium/292952.jpg",
    "price": 1.6,
    "quantity": 0.07,
    "unitPrice": 22.9
  },
  {
    "name": "Edgell Snack Time Sweet Corn Salad Topper With Capsicum & Lime",
    "url": "https://www.woolworths.com.au/shop/productdetails/288168",
    "img": "https://cdn0.woolworths.media/content/wowproductimages/medium/288168.jpg",
    "price": 1.6,
    "quantity": 0.07,
    "unitPrice": 22.9
  },
  {
    "name": "Edgell Snack Time Chickpeas With Fiery Moroccan Spices",
    "url": "https://www.woolworths.com.au/shop/productdetails/290761",
    "img": "https://cdn0.woolworths.media/content/wowproductimages/medium/290761.jpg",
    "price": 1.6,
    "quantity": 0.07,
    "unitPrice": 22.9
  },
  {
    "name": "Capilano 100% Pure Australian Honey Organic Raw Squeeze",
    "url": "https://www.woolworths.com.au/shop/productdetails/728637",
    "img": "https://cdn0.woolworths.media/content/wowproductimages/medium/728637.jpg",
    "price": 7.8,
    "quantity": 0.34,
    "unitPrice": 22.9
  },
  {
    "name": "Sweet Pointed Capsicums",
    "url": "https://www.coles.com.au/product/coles-sweet-pointed-capsicums-240g-2680610",
    "img": "https://productimages.coles.com.au/productimages/2/2680610.jpg",
    "price": 5.5,
    "quantity": 0.24,
    "unitPrice": 22.92
  },
  {
    "name": "Sweet Pointed Capsicums",
    "url": "https://www.coles.com.au/product/coles-sweet-pointed-capsicums-240g-2680610",
    "img": "https://productimages.coles.com.au/productimages/2/2680610.jpg",
    "price": 5.5,
    "quantity": 0.24,
    "unitPrice": 22.92
  },
  {
    "name": "Deli Shaved Leg Ham",
    "url": "https://www.coles.com.au/product/thomson's-deli-shaved-leg-ham-100g-5005500",
    "img": "https://productimages.coles.com.au/productimages/5/5005500.jpg",
    "price": 2.3,
    "quantity": 0.1,
    "unitPrice": 23
  },
  {
    "name": "Californian Walnuts",
    "url": "https://www.coles.com.au/product/coles-californian-walnuts-150g-2749374",
    "img": "https://productimages.coles.com.au/productimages/2/2749374.jpg",
    "price": 3.45,
    "quantity": 0.15,
    "unitPrice": 23
  },
  {
    "name": "Californian Walnuts",
    "url": "https://www.coles.com.au/product/coles-californian-walnuts-150g-2749374",
    "img": "https://productimages.coles.com.au/productimages/2/2749374.jpg",
    "price": 3.45,
    "quantity": 0.15,
    "unitPrice": 23
  },
  {
    "name": "Sesame Seeds",
    "url": "https://www.coles.com.au/product/hoyts-sesame-seeds-230g-5448578",
    "img": "https://productimages.coles.com.au/productimages/5/5448578.jpg",
    "price": 5.2,
    "quantity": 0.23,
    "unitPrice": 23
  },
  {
    "name": "Sweet Potato Noodles",
    "url": "https://www.coles.com.au/product/obap-sweet-potato-noodles-100g-2017434",
    "img": "https://productimages.coles.com.au/productimages/2/2017434.jpg",
    "price": 2.3,
    "quantity": 0.1,
    "unitPrice": 23
  },
  {
    "name": "Japanese Fried Chicken Karage",
    "url": "https://www.coles.com.au/product/obento-japanese-fried-chicken-karage-100g-6156068",
    "img": "https://productimages.coles.com.au/productimages/6/6156068.jpg",
    "price": 2.3,
    "quantity": 0.1,
    "unitPrice": 23
  },
  {
    "name": "Yellow Chicken Powder",
    "url": "https://www.coles.com.au/product/knorr-yellow-chicken-powder-1-kg-4210945",
    "img": "https://productimages.coles.com.au/productimages/4/4210945.jpg",
    "price": 23,
    "quantity": 1,
    "unitPrice": 23
  },
  {
    "name": "Megamix Chewy Candy",
    "url": "https://www.coles.com.au/product/mike-&-ike-megamix-chewy-candy-141g-5445387",
    "img": "https://productimages.coles.com.au/productimages/5/5445387.jpg",
    "price": 3.25,
    "quantity": 0.141,
    "unitPrice": 23
  },
  {
    "name": "Megamix Chewy Candy Sour",
    "url": "https://www.coles.com.au/product/mike-&-ike-megamix-chewy-candy-sour-141g-5445434",
    "img": "https://productimages.coles.com.au/productimages/5/5445434.jpg",
    "price": 3.25,
    "quantity": 0.141,
    "unitPrice": 23
  },
  {
    "name": "Gluten Free Real Chicken Stock Powder Canned",
    "url": "https://www.coles.com.au/product/vegeta-gluten-free-real-chicken-stock-powder-canned-200g-8496985",
    "img": "https://productimages.coles.com.au/productimages/8/8496985.jpg",
    "price": 4.5,
    "quantity": 0.2,
    "unitPrice": 23
  },
  {
    "name": "Flora Proactiv Cholesterol Lowering Margarine Spread Original",
    "url": "https://www.woolworths.com.au/shop/productdetails/67594",
    "img": "https://cdn0.woolworths.media/content/wowproductimages/medium/067594.jpg",
    "price": 5.75,
    "quantity": 0.25,
    "unitPrice": 23
  },
  {
    "name": "Flora Proactiv Margarine Buttery",
    "url": "https://www.woolworths.com.au/shop/productdetails/580630",
    "img": "https://cdn0.woolworths.media/content/wowproductimages/medium/580630.jpg",
    "price": 5.75,
    "quantity": 0.25,
    "unitPrice": 23
  },
  {
    "name": "Mission Pizza Bases Round",
    "url": "https://www.woolworths.com.au/shop/productdetails/384987",
    "img": "https://cdn0.woolworths.media/content/wowproductimages/medium/384987.jpg",
    "price": 4.6,
    "quantity": 0.2,
    "unitPrice": 23
  },
  {
    "name": "Bertocchi Authentic Leg Ham Triple Smoked",
    "url": "https://www.woolworths.com.au/shop/productdetails/354374",
    "img": "https://cdn0.woolworths.media/content/wowproductimages/medium/354374.jpg",
    "price": 21.85,
    "quantity": 0.95,
    "unitPrice": 23
  },
  {
    "name": "Bertocchi Authentic Leg Ham Boneless",
    "url": "https://www.woolworths.com.au/shop/productdetails/255174",
    "img": "https://cdn0.woolworths.media/content/wowproductimages/medium/255174.jpg",
    "price": 23,
    "quantity": 1,
    "unitPrice": 23
  },
  {
    "name": "Hoyts Poppy Seed",
    "url": "https://www.woolworths.com.au/shop/productdetails/70361",
    "img": "https://cdn0.woolworths.media/content/wowproductimages/medium/070361.jpg",
    "price": 2.25,
    "quantity": 0.1,
    "unitPrice": 23
  },
  {
    "name": "Heart Salt Chicken Salt",
    "url": "https://www.woolworths.com.au/shop/productdetails/262729",
    "img": "https://cdn0.woolworths.media/content/wowproductimages/medium/262729.jpg",
    "price": 3,
    "quantity": 0.13,
    "unitPrice": 23
  },
  {
    "name": "Masterfoods Chicken Salt",
    "url": "https://www.woolworths.com.au/shop/productdetails/12344",
    "img": "https://cdn0.woolworths.media/content/wowproductimages/medium/012344.jpg",
    "price": 4.5,
    "quantity": 0.2,
    "unitPrice": 23
  },
  {
    "name": "Massel 7's Chicken Cubes Gluten Free",
    "url": "https://www.woolworths.com.au/shop/productdetails/794766",
    "img": "https://cdn0.woolworths.media/content/wowproductimages/medium/794766.jpg",
    "price": 0.8,
    "quantity": 0.035,
    "unitPrice": 23
  },
  {
    "name": "Massel 7's Beef Cubes Gluten Free",
    "url": "https://www.woolworths.com.au/shop/productdetails/794812",
    "img": "https://cdn0.woolworths.media/content/wowproductimages/medium/794812.jpg",
    "price": 0.8,
    "quantity": 0.035,
    "unitPrice": 23
  },
  {
    "name": "Massel 7's Cubes Gluten Free Vegetable",
    "url": "https://www.woolworths.com.au/shop/productdetails/505355",
    "img": "https://cdn0.woolworths.media/content/wowproductimages/medium/505355.jpg",
    "price": 0.8,
    "quantity": 0.035,
    "unitPrice": 23
  },
  {
    "name": "Dutch Maasdam",
    "url": "https://www.coles.com.au/product/coles-dutch-maasdam-260g-3796427",
    "img": "https://productimages.coles.com.au/productimages/3/3796427.jpg",
    "price": 6,
    "quantity": 0.26,
    "unitPrice": 23.08
  },
  {
    "name": "Birch & Waite Milk Chocolate Dessert Sauce",
    "url": "https://www.woolworths.com.au/shop/productdetails/669459",
    "img": "https://cdn0.woolworths.media/content/wowproductimages/medium/669459.jpg",
    "price": 3,
    "quantity": 0.13,
    "unitPrice": 23.08
  },
  {
    "name": "Mini Sweet Potato & Cashew Dip 3x65g",
    "url": "https://www.coles.com.au/product/yumi's-mini-sweet-potato-&-cashew-dip-3x65g-195g-3605507",
    "img": "https://productimages.coles.com.au/productimages/3/3605507.jpg",
    "price": 4.5,
    "quantity": 0.195,
    "unitPrice": 23.1
  },
  {
    "name": "Mini Avocado Dip 3x65g",
    "url": "https://www.coles.com.au/product/yumi's-mini-avocado-dip-3x65g-195g-3776678",
    "img": "https://productimages.coles.com.au/productimages/3/3776678.jpg",
    "price": 4.5,
    "quantity": 0.195,
    "unitPrice": 23.1
  },
  {
    "name": "Mini Roasted Capsicum & Cashew Dip 3 Pack",
    "url": "https://www.coles.com.au/product/yumi's-mini-roasted-capsicum-&-cashew-dip-3-pack-195g-3776703",
    "img": "https://productimages.coles.com.au/productimages/3/3776703.jpg",
    "price": 4.5,
    "quantity": 0.195,
    "unitPrice": 23.1
  },
  {
    "name": "Perform Build Chicken Pesto Gnocchi",
    "url": "https://www.coles.com.au/product/coles-perform-build-chicken-pesto-gnocchi-430g-5070921",
    "img": "https://productimages.coles.com.au/productimages/5/5070921.jpg",
    "price": 9.95,
    "quantity": 0.43,
    "unitPrice": 23.1
  },
  {
    "name": "Caramilk Baking Chips",
    "url": "https://www.coles.com.au/product/cadbury-caramilk-baking-chips-260g-3985452",
    "img": "https://productimages.coles.com.au/productimages/3/3985452.jpg",
    "price": 6,
    "quantity": 0.26,
    "unitPrice": 23.1
  },
  {
    "name": "Caramilk Baking Chips",
    "url": "https://www.coles.com.au/product/cadbury-caramilk-baking-chips-260g-3985452",
    "img": "https://productimages.coles.com.au/productimages/3/3985452.jpg",
    "price": 6,
    "quantity": 0.26,
    "unitPrice": 23.1
  },
  {
    "name": "Olive Oil Rusk",
    "url": "https://www.coles.com.au/product/olympian-olive-oil-rusk-260g-3736447",
    "img": "https://productimages.coles.com.au/productimages/3/3736447.jpg",
    "price": 6,
    "quantity": 0.26,
    "unitPrice": 23.1
  },
  {
    "name": "Street Kitchen North Indian Butter Chicken",
    "url": "https://www.coles.com.au/product/passage-foods-street-kitchen-north-indian-butter-chicken-255g-3477859",
    "img": "https://productimages.coles.com.au/productimages/3/3477859.jpg",
    "price": 5.9,
    "quantity": 0.255,
    "unitPrice": 23.1
  },
  {
    "name": "Street Kitchen Coconut Chicken Chettinad",
    "url": "https://www.coles.com.au/product/passage-foods-street-kitchen-coconut-chicken-chettinad-255g-3477860",
    "img": "https://productimages.coles.com.au/productimages/3/3477860.jpg",
    "price": 5.9,
    "quantity": 0.255,
    "unitPrice": 23.1
  },
  {
    "name": "Street Kitchen Punjabi Cashew Korma",
    "url": "https://www.coles.com.au/product/passage-foods-street-kitchen-punjabi-cashew-korma-255g-3477870",
    "img": "https://productimages.coles.com.au/productimages/3/3477870.jpg",
    "price": 5.9,
    "quantity": 0.255,
    "unitPrice": 23.1
  },
  {
    "name": "Frozen Ristorante Spinaci (Spinach) Pizza",
    "url": "https://www.coles.com.au/product/dr.-oetker-frozen-ristorante-spinaci-(spinach)-pizza-390g-7308048",
    "img": "https://productimages.coles.com.au/productimages/7/7308048.jpg",
    "price": 9,
    "quantity": 0.39,
    "unitPrice": 23.1
  },
  {
    "name": "Frozen Ristorante Spinaci (Spinach) Pizza",
    "url": "https://www.coles.com.au/product/dr.-oetker-frozen-ristorante-spinaci-(spinach)-pizza-390g-7308048",
    "img": "https://productimages.coles.com.au/productimages/7/7308048.jpg",
    "price": 9,
    "quantity": 0.39,
    "unitPrice": 23.1
  },
  {
    "name": "Cadbury Caramilk Baking Chips",
    "url": "https://www.woolworths.com.au/shop/productdetails/142137",
    "img": "https://cdn0.woolworths.media/content/wowproductimages/medium/142137.jpg",
    "price": 6,
    "quantity": 0.26,
    "unitPrice": 23.1
  },
  {
    "name": "Chocolate Silky Pot 2x95g",
    "url": "https://www.coles.com.au/product/fancy-plants-chocolate-silky-pot-2x95g-190g-3857667",
    "img": "https://productimages.coles.com.au/productimages/3/3857667.jpg",
    "price": 4.4,
    "quantity": 0.19,
    "unitPrice": 23.2
  },
  {
    "name": "Grated Cheese Perfect Pizza",
    "url": "https://www.coles.com.au/product/perfect-italiano-grated-cheese-perfect-pizza-250g-3273994",
    "img": "https://productimages.coles.com.au/productimages/3/3273994.jpg",
    "price": 5.8,
    "quantity": 0.25,
    "unitPrice": 23.2
  },
  {
    "name": "Grated Cheese Perfect Bakes",
    "url": "https://www.coles.com.au/product/perfect-italiano-grated-cheese-perfect-bakes-250g-3274024",
    "img": "https://productimages.coles.com.au/productimages/3/3274024.jpg",
    "price": 5.8,
    "quantity": 0.25,
    "unitPrice": 23.2
  },
  {
    "name": "Shredded Mozzarella",
    "url": "https://www.coles.com.au/product/perfect-italiano-shredded-mozzarella-250g-3562164",
    "img": "https://productimages.coles.com.au/productimages/3/3562164.jpg",
    "price": 5.8,
    "quantity": 0.25,
    "unitPrice": 23.2
  },
  {
    "name": "Mexican Blend Grated Cheese",
    "url": "https://www.coles.com.au/product/perfect-italiano-mexican-blend-grated-cheese-250g-3846139",
    "img": "https://productimages.coles.com.au/productimages/3/3846139.jpg",
    "price": 5.8,
    "quantity": 0.25,
    "unitPrice": 23.2
  },
  {
    "name": "Grated Cheese Perfect Melt",
    "url": "https://www.coles.com.au/product/perfect-italiano-grated-cheese-perfect-melt-250g-6138157",
    "img": "https://productimages.coles.com.au/productimages/6/6138157.jpg",
    "price": 5.8,
    "quantity": 0.25,
    "unitPrice": 23.2
  },
  {
    "name": "Corn Jumbo Taco Shells 10 pack",
    "url": "https://www.coles.com.au/product/old-el-paso-corn-jumbo-taco-shells-10-pack-190g-216247",
    "img": "https://productimages.coles.com.au/productimages/2/216247.jpg",
    "price": 4.4,
    "quantity": 0.19,
    "unitPrice": 23.2
  },
  {
    "name": "Raspberry Coconut Bars",
    "url": "https://www.coles.com.au/product/weis-raspberry-coconut-bars-280ml-3572930",
    "img": "https://productimages.coles.com.au/productimages/3/3572930.jpg",
    "price": 6.5,
    "quantity": 0.28,
    "unitPrice": 23.2
  },
  {
    "name": "Passionfruit Coconut Bars",
    "url": "https://www.coles.com.au/product/weis-passionfruit-coconut-bars-280ml-3572951",
    "img": "https://productimages.coles.com.au/productimages/3/3572951.jpg",
    "price": 6.5,
    "quantity": 0.28,
    "unitPrice": 23.2
  },
  {
    "name": "Fruit Ice Fruito Bars 4 pack",
    "url": "https://www.coles.com.au/product/weis-fruit-ice-fruito-bars-4-pack-280ml-424674",
    "img": "https://productimages.coles.com.au/productimages/4/424674.jpg",
    "price": 6.5,
    "quantity": 0.28,
    "unitPrice": 23.2
  },
  {
    "name": "Mango Ice Cream Bars 4 Pack",
    "url": "https://www.coles.com.au/product/weis-mango-ice-cream-bars-4-pack-280ml-424685",
    "img": "https://productimages.coles.com.au/productimages/4/424685.jpg",
    "price": 6.5,
    "quantity": 0.28,
    "unitPrice": 23.2
  },
  {
    "name": "Mango & Macadamia Ice Cream Bars 4 pack",
    "url": "https://www.coles.com.au/product/weis-mango-&-macadamia-ice-cream-bars-4-pack-280ml-4462755",
    "img": "https://productimages.coles.com.au/productimages/4/4462755.jpg",
    "price": 6.5,
    "quantity": 0.28,
    "unitPrice": 23.2
  },
  {
    "name": "Raspberry Coconut Bars",
    "url": "https://www.coles.com.au/product/weis-raspberry-coconut-bars-280ml-3572930",
    "img": "https://productimages.coles.com.au/productimages/3/3572930.jpg",
    "price": 6.5,
    "quantity": 0.28,
    "unitPrice": 23.2
  },
  {
    "name": "Passionfruit Coconut Bars",
    "url": "https://www.coles.com.au/product/weis-passionfruit-coconut-bars-280ml-3572951",
    "img": "https://productimages.coles.com.au/productimages/3/3572951.jpg",
    "price": 6.5,
    "quantity": 0.28,
    "unitPrice": 23.2
  },
  {
    "name": "Fruit Ice Fruito Bars 4 pack",
    "url": "https://www.coles.com.au/product/weis-fruit-ice-fruito-bars-4-pack-280ml-424674",
    "img": "https://productimages.coles.com.au/productimages/4/424674.jpg",
    "price": 6.5,
    "quantity": 0.28,
    "unitPrice": 23.2
  },
  {
    "name": "Mango Ice Cream Bars 4 Pack",
    "url": "https://www.coles.com.au/product/weis-mango-ice-cream-bars-4-pack-280ml-424685",
    "img": "https://productimages.coles.com.au/productimages/4/424685.jpg",
    "price": 6.5,
    "quantity": 0.28,
    "unitPrice": 23.2
  },
  {
    "name": "Mango & Macadamia Ice Cream Bars 4 pack",
    "url": "https://www.coles.com.au/product/weis-mango-&-macadamia-ice-cream-bars-4-pack-280ml-4462755",
    "img": "https://productimages.coles.com.au/productimages/4/4462755.jpg",
    "price": 6.5,
    "quantity": 0.28,
    "unitPrice": 23.2
  },
  {
    "name": "Lurpak Slightly Salted Butter",
    "url": "https://www.woolworths.com.au/shop/productdetails/223867",
    "img": "https://cdn0.woolworths.media/content/wowproductimages/medium/223867.jpg",
    "price": 5.8,
    "quantity": 0.25,
    "unitPrice": 23.2
  },
  {
    "name": "Lurpak Unsalted Butter",
    "url": "https://www.woolworths.com.au/shop/productdetails/223868",
    "img": "https://cdn0.woolworths.media/content/wowproductimages/medium/223868.jpg",
    "price": 5.8,
    "quantity": 0.25,
    "unitPrice": 23.2
  },
  {
    "name": "Red Kellys Balsamic Dressing",
    "url": "https://www.woolworths.com.au/shop/productdetails/343261",
    "img": "https://cdn0.woolworths.media/content/wowproductimages/medium/343261.jpg",
    "price": 5.8,
    "quantity": 0.25,
    "unitPrice": 23.2
  },
  {
    "name": "The Salad Servers Quinoa Tabbouleh",
    "url": "https://www.woolworths.com.au/shop/productdetails/157302",
    "img": "https://cdn0.woolworths.media/content/wowproductimages/medium/157302.jpg",
    "price": 6.95,
    "quantity": 0.3,
    "unitPrice": 23.2
  },
  {
    "name": "Old Time Bakery Gluten Free Lebanese Bread",
    "url": "https://www.woolworths.com.au/shop/productdetails/66366",
    "img": "https://cdn0.woolworths.media/content/wowproductimages/medium/066366.jpg",
    "price": 6.5,
    "quantity": 0.28,
    "unitPrice": 23.2
  },
  {
    "name": "Japanese Style Tempura Batter Hoki Fillet",
    "url": "https://www.coles.com.au/product/sealord-japanese-style-tempura-batter-hoki-fillet-280g-4506690",
    "img": "https://productimages.coles.com.au/productimages/4/4506690.jpg",
    "price": 6.5,
    "quantity": 0.28,
    "unitPrice": 23.21
  },
  {
    "name": "Japanese Style Tempura Batter Hoki Fillet",
    "url": "https://www.coles.com.au/product/sealord-japanese-style-tempura-batter-hoki-fillet-280g-4506690",
    "img": "https://productimages.coles.com.au/productimages/4/4506690.jpg",
    "price": 6.5,
    "quantity": 0.28,
    "unitPrice": 23.21
  },
  {
    "name": "Red Glace Cherries",
    "url": "https://www.coles.com.au/product/winn-red-glace-cherries-200g-2140984",
    "img": "https://productimages.coles.com.au/productimages/2/2140984.jpg",
    "price": 4.65,
    "quantity": 0.2,
    "unitPrice": 23.25
  },
  {
    "name": "Red Glace Cherries",
    "url": "https://www.coles.com.au/product/winn-red-glace-cherries-200g-2140984",
    "img": "https://productimages.coles.com.au/productimages/2/2140984.jpg",
    "price": 4.65,
    "quantity": 0.2,
    "unitPrice": 23.25
  },
  {
    "name": "Winn Cherries Red Glace",
    "url": "https://www.woolworths.com.au/shop/productdetails/383039",
    "img": "https://cdn0.woolworths.media/content/wowproductimages/medium/383039.jpg",
    "price": 4.65,
    "quantity": 0.2,
    "unitPrice": 23.25
  },
  {
    "name": "Marinated Cheese",
    "url": "https://www.coles.com.au/product/moondarra-marinated-cheese-430g-6845438",
    "img": "https://productimages.coles.com.au/productimages/6/6845438.jpg",
    "price": 10,
    "quantity": 0.43,
    "unitPrice": 23.26
  },
  {
    "name": "Granola",
    "url": "https://www.coles.com.au/product/grain-free-granola-300g-5203479",
    "img": "https://productimages.coles.com.au/productimages/5/5203479.jpg",
    "price": 7,
    "quantity": 0.3,
    "unitPrice": 23.3
  },
  {
    "name": "Granola",
    "url": "https://www.coles.com.au/product/grain-free-granola-300g-5203479",
    "img": "https://productimages.coles.com.au/productimages/5/5203479.jpg",
    "price": 7,
    "quantity": 0.3,
    "unitPrice": 23.3
  },
  {
    "name": "Frozen Chocolate Lava Cake 2 pack",
    "url": "https://www.coles.com.au/product/coles-frozen-chocolate-lava-cake-2-pack-180g-3919094",
    "img": "https://productimages.coles.com.au/productimages/3/3919094.jpg",
    "price": 4.2,
    "quantity": 0.18,
    "unitPrice": 23.3
  },
  {
    "name": "Plant Based Smokey BBQ Burger 4 Pack",
    "url": "https://www.coles.com.au/product/vegie-delights-plant-based-smokey-bbq-burger-4-pack-300g-1329056",
    "img": "https://productimages.coles.com.au/productimages/1/1329056.jpg",
    "price": 7,
    "quantity": 0.3,
    "unitPrice": 23.3
  },
  {
    "name": "Plant Based Chicken Style Burgers 4 Pack",
    "url": "https://www.coles.com.au/product/vegie-delights-plant-based-chicken-style-burgers-4-pack-300g-3218271",
    "img": "https://productimages.coles.com.au/productimages/3/3218271.jpg",
    "price": 7,
    "quantity": 0.3,
    "unitPrice": 23.3
  },
  {
    "name": "Plant Based Not Burger",
    "url": "https://www.coles.com.au/product/vegie-delights-plant-based-not-burger-300g-3994533",
    "img": "https://productimages.coles.com.au/productimages/3/3994533.jpg",
    "price": 7,
    "quantity": 0.3,
    "unitPrice": 23.3
  },
  {
    "name": "Plant Based Schnitzels 4 Pack",
    "url": "https://www.coles.com.au/product/vegie-delights-plant-based-schnitzels-4-pack-300g-4575140",
    "img": "https://productimages.coles.com.au/productimages/4/4575140.jpg",
    "price": 7,
    "quantity": 0.3,
    "unitPrice": 23.3
  },
  {
    "name": "Vegie Delights Plant Based Lentil Burgers 4 Pack",
    "url": "https://www.coles.com.au/product/vegie-delights-vegie-delights-plant-based-lentil-burgers-4-pack-300g-5173607",
    "img": "https://productimages.coles.com.au/productimages/5/5173607.jpg",
    "price": 7,
    "quantity": 0.3,
    "unitPrice": 23.3
  },
  {
    "name": "I M Free From Party Pack",
    "url": "https://www.coles.com.au/product/coles-i-m-free-from-party-pack-480g-3956421",
    "img": "https://productimages.coles.com.au/productimages/3/3956421.jpg",
    "price": 11.2,
    "quantity": 0.48,
    "unitPrice": 23.3
  },
  {
    "name": "Frozen Chocolate Lava Cake 2 pack",
    "url": "https://www.coles.com.au/product/coles-frozen-chocolate-lava-cake-2-pack-180g-3919094",
    "img": "https://productimages.coles.com.au/productimages/3/3919094.jpg",
    "price": 4.2,
    "quantity": 0.18,
    "unitPrice": 23.3
  },
  {
    "name": "Plant Based Smokey BBQ Burger 4 Pack",
    "url": "https://www.coles.com.au/product/vegie-delights-plant-based-smokey-bbq-burger-4-pack-300g-1329056",
    "img": "https://productimages.coles.com.au/productimages/1/1329056.jpg",
    "price": 7,
    "quantity": 0.3,
    "unitPrice": 23.3
  },
  {
    "name": "Plant Based Chicken Style Burgers 4 Pack",
    "url": "https://www.coles.com.au/product/vegie-delights-plant-based-chicken-style-burgers-4-pack-300g-3218271",
    "img": "https://productimages.coles.com.au/productimages/3/3218271.jpg",
    "price": 7,
    "quantity": 0.3,
    "unitPrice": 23.3
  },
  {
    "name": "Plant Based Not Burger",
    "url": "https://www.coles.com.au/product/vegie-delights-plant-based-not-burger-300g-3994533",
    "img": "https://productimages.coles.com.au/productimages/3/3994533.jpg",
    "price": 7,
    "quantity": 0.3,
    "unitPrice": 23.3
  },
  {
    "name": "Plant Based Schnitzels 4 Pack",
    "url": "https://www.coles.com.au/product/vegie-delights-plant-based-schnitzels-4-pack-300g-4575140",
    "img": "https://productimages.coles.com.au/productimages/4/4575140.jpg",
    "price": 7,
    "quantity": 0.3,
    "unitPrice": 23.3
  },
  {
    "name": "Vegie Delights Plant Based Lentil Burgers 4 Pack",
    "url": "https://www.coles.com.au/product/vegie-delights-vegie-delights-plant-based-lentil-burgers-4-pack-300g-5173607",
    "img": "https://productimages.coles.com.au/productimages/5/5173607.jpg",
    "price": 7,
    "quantity": 0.3,
    "unitPrice": 23.3
  },
  {
    "name": "I M Free From Party Pack",
    "url": "https://www.coles.com.au/product/coles-i-m-free-from-party-pack-480g-3956421",
    "img": "https://productimages.coles.com.au/productimages/3/3956421.jpg",
    "price": 11.2,
    "quantity": 0.48,
    "unitPrice": 23.3
  },
  {
    "name": "Woolworths Pastry Flan Case",
    "url": "https://www.woolworths.com.au/shop/productdetails/94441",
    "img": "https://cdn0.woolworths.media/content/wowproductimages/medium/094441.jpg",
    "price": 3.5,
    "quantity": 0.15,
    "unitPrice": 23.3
  },
  {
    "name": "Continental Classics Pasta & Sauce Chicken Curry Family Pack",
    "url": "https://www.woolworths.com.au/shop/productdetails/761555",
    "img": "https://cdn0.woolworths.media/content/wowproductimages/medium/761555.jpg",
    "price": 3.5,
    "quantity": 0.15,
    "unitPrice": 23.3
  },
  {
    "name": "Kellogg's Special K Original Breakfast Cereal",
    "url": "https://www.woolworths.com.au/shop/productdetails/701639",
    "img": "https://cdn0.woolworths.media/content/wowproductimages/medium/701639.jpg",
    "price": 7,
    "quantity": 0.3,
    "unitPrice": 23.3
  },
  {
    "name": "Amoy Dark Soy Sauce Dark Soy",
    "url": "https://www.woolworths.com.au/shop/productdetails/743979",
    "img": "https://cdn0.woolworths.media/content/wowproductimages/medium/743979.jpg",
    "price": 3.5,
    "quantity": 0.15,
    "unitPrice": 23.3
  },
  {
    "name": "Beerenberg Roadhouse Steak Sauce",
    "url": "https://www.woolworths.com.au/shop/productdetails/475350",
    "img": "https://cdn0.woolworths.media/content/wowproductimages/medium/475350.jpg",
    "price": 7,
    "quantity": 0.3,
    "unitPrice": 23.3
  },
  {
    "name": "Sugar Snap Peas Medium",
    "url": "https://www.coles.com.au/product/coles-sugar-snap-peas-medium-150g-4619289",
    "img": "https://productimages.coles.com.au/productimages/4/4619289.jpg",
    "price": 3.5,
    "quantity": 0.15,
    "unitPrice": 23.33
  },
  {
    "name": "Snow Peas Medium",
    "url": "https://www.coles.com.au/product/coles-snow-peas-medium-150g-4628326",
    "img": "https://productimages.coles.com.au/productimages/4/4628326.jpg",
    "price": 3.5,
    "quantity": 0.15,
    "unitPrice": 23.33
  },
  {
    "name": "Sugar Snap Peas Medium",
    "url": "https://www.coles.com.au/product/coles-sugar-snap-peas-medium-150g-4619289",
    "img": "https://productimages.coles.com.au/productimages/4/4619289.jpg",
    "price": 3.5,
    "quantity": 0.15,
    "unitPrice": 23.33
  },
  {
    "name": "Snow Peas Medium",
    "url": "https://www.coles.com.au/product/coles-snow-peas-medium-150g-4628326",
    "img": "https://productimages.coles.com.au/productimages/4/4628326.jpg",
    "price": 3.5,
    "quantity": 0.15,
    "unitPrice": 23.33
  },
  {
    "name": "Dairy Haloumi",
    "url": "https://www.coles.com.au/product/riverina-dairy-haloumi-900g-3757163",
    "img": "https://productimages.coles.com.au/productimages/3/3757163.jpg",
    "price": 21,
    "quantity": 0.9,
    "unitPrice": 23.33
  },
  {
    "name": "Oob Organic Frozen Blueberries",
    "url": "https://www.woolworths.com.au/shop/productdetails/931859",
    "img": "https://cdn0.woolworths.media/content/wowproductimages/medium/931859.jpg",
    "price": 10.5,
    "quantity": 0.45,
    "unitPrice": 23.33
  },
  {
    "name": "Perform Lean Peri Peri Chicken",
    "url": "https://www.coles.com.au/product/coles-perform-lean-peri-peri-chicken-380g-5587122",
    "img": "https://productimages.coles.com.au/productimages/5/5587122.jpg",
    "price": 8.9,
    "quantity": 0.38,
    "unitPrice": 23.4
  },
  {
    "name": "Eat Well Spinach Ricotta Agnolotti",
    "url": "https://www.coles.com.au/product/coles-eat-well-spinach-ricotta-agnolotti-380g-6479840",
    "img": "https://productimages.coles.com.au/productimages/6/6479840.jpg",
    "price": 8.9,
    "quantity": 0.38,
    "unitPrice": 23.4
  },
  {
    "name": "Ristorante Vegetale Pizza",
    "url": "https://www.coles.com.au/product/dr-oetker-ristorante-vegetale-pizza-385g-5033357",
    "img": "https://productimages.coles.com.au/productimages/5/5033357.jpg",
    "price": 9,
    "quantity": 0.385,
    "unitPrice": 23.4
  },
  {
    "name": "Ice Cream Hazelnut In Chocolate Sundae",
    "url": "https://www.coles.com.au/product/ben-&-jerrys-ice-cream-hazelnut-in-chocolate-sundae-427ml-6159317",
    "img": "https://productimages.coles.com.au/productimages/6/6159317.jpg",
    "price": 10,
    "quantity": 0.427,
    "unitPrice": 23.4
  },
  {
    "name": "Non Dairy Berry Revolutionry Sundae",
    "url": "https://www.coles.com.au/product/ben-&-jerrys-non-dairy-berry-revolutionry-sundae-427ml-6159339",
    "img": "https://productimages.coles.com.au/productimages/6/6159339.jpg",
    "price": 10,
    "quantity": 0.427,
    "unitPrice": 23.4
  },
  {
    "name": "Ice Cream Banofee Pie Sundae",
    "url": "https://www.coles.com.au/product/ben-&-jerry's-ice-cream-banofee-pie-sundae-427ml-6758424",
    "img": "https://productimages.coles.com.au/productimages/6/6758424.jpg",
    "price": 10,
    "quantity": 0.427,
    "unitPrice": 23.4
  },
  {
    "name": "Ristorante Vegetale Pizza",
    "url": "https://www.coles.com.au/product/dr-oetker-ristorante-vegetale-pizza-385g-5033357",
    "img": "https://productimages.coles.com.au/productimages/5/5033357.jpg",
    "price": 9,
    "quantity": 0.385,
    "unitPrice": 23.4
  },
  {
    "name": "Ice Cream Hazelnut In Chocolate Sundae",
    "url": "https://www.coles.com.au/product/ben-&-jerrys-ice-cream-hazelnut-in-chocolate-sundae-427ml-6159317",
    "img": "https://productimages.coles.com.au/productimages/6/6159317.jpg",
    "price": 10,
    "quantity": 0.427,
    "unitPrice": 23.4
  },
  {
    "name": "Non Dairy Berry Revolutionry Sundae",
    "url": "https://www.coles.com.au/product/ben-&-jerrys-non-dairy-berry-revolutionry-sundae-427ml-6159339",
    "img": "https://productimages.coles.com.au/productimages/6/6159339.jpg",
    "price": 10,
    "quantity": 0.427,
    "unitPrice": 23.4
  },
  {
    "name": "Ice Cream Banofee Pie Sundae",
    "url": "https://www.coles.com.au/product/ben-&-jerry's-ice-cream-banofee-pie-sundae-427ml-6758424",
    "img": "https://productimages.coles.com.au/productimages/6/6758424.jpg",
    "price": 10,
    "quantity": 0.427,
    "unitPrice": 23.4
  },
  {
    "name": "Vegemite Salt Reduced 40% Less Salt",
    "url": "https://www.woolworths.com.au/shop/productdetails/97722",
    "img": "https://cdn0.woolworths.media/content/wowproductimages/medium/097722.jpg",
    "price": 5.5,
    "quantity": 0.235,
    "unitPrice": 23.4
  },
  {
    "name": "Vegemite Gluten Free Spread",
    "url": "https://www.woolworths.com.au/shop/productdetails/840274",
    "img": "https://cdn0.woolworths.media/content/wowproductimages/medium/840274.jpg",
    "price": 5.5,
    "quantity": 0.235,
    "unitPrice": 23.4
  },
  {
    "name": "Tabasco Sriracha Sauce",
    "url": "https://www.woolworths.com.au/shop/productdetails/79955",
    "img": "https://cdn0.woolworths.media/content/wowproductimages/medium/079955.jpg",
    "price": 6,
    "quantity": 0.256,
    "unitPrice": 23.4
  },
  {
    "name": "Continental Classics Pasta & Sauce Creamy Bacon Carbonara",
    "url": "https://www.woolworths.com.au/shop/productdetails/230946",
    "img": "https://cdn0.woolworths.media/content/wowproductimages/medium/230946.jpg",
    "price": 2,
    "quantity": 0.085,
    "unitPrice": 23.5
  },
  {
    "name": "Continental Classics Pasta & Sauce Alfredo Serves 2",
    "url": "https://www.woolworths.com.au/shop/productdetails/230945",
    "img": "https://cdn0.woolworths.media/content/wowproductimages/medium/230945.jpg",
    "price": 2,
    "quantity": 0.085,
    "unitPrice": 23.5
  },
  {
    "name": "Continental Classics Pasta & Sauce Sour Cream & Chives Serves 2",
    "url": "https://www.woolworths.com.au/shop/productdetails/230924",
    "img": "https://cdn0.woolworths.media/content/wowproductimages/medium/230924.jpg",
    "price": 2,
    "quantity": 0.085,
    "unitPrice": 23.5
  },
  {
    "name": "Arnott's Gluten Free Scotch Finger Biscuits",
    "url": "https://www.woolworths.com.au/shop/productdetails/169009",
    "img": "https://cdn0.woolworths.media/content/wowproductimages/medium/169009.jpg",
    "price": 4,
    "quantity": 0.17,
    "unitPrice": 23.5
  },
  {
    "name": "Mccormick Air Fryer Korean Style Fried Chicken Recipe Base",
    "url": "https://www.woolworths.com.au/shop/productdetails/219108",
    "img": "https://cdn0.woolworths.media/content/wowproductimages/medium/219108.jpg",
    "price": 2,
    "quantity": 0.085,
    "unitPrice": 23.5
  },
  {
    "name": "Lee Kum Kee Premium Oyster Sauce",
    "url": "https://www.woolworths.com.au/shop/productdetails/341297",
    "img": "https://cdn0.woolworths.media/content/wowproductimages/medium/341297.jpg",
    "price": 6,
    "quantity": 0.255,
    "unitPrice": 23.5
  },
  {
    "name": "Kitchen 8 Leaf Blend",
    "url": "https://www.coles.com.au/product/coles-kitchen-8-leaf-blend-170g-4462380",
    "img": "https://productimages.coles.com.au/productimages/4/4462380.jpg",
    "price": 4,
    "quantity": 0.17,
    "unitPrice": 23.53
  },
  {
    "name": "Kitchen 8 Leaf Blend",
    "url": "https://www.coles.com.au/product/coles-kitchen-8-leaf-blend-170g-4462380",
    "img": "https://productimages.coles.com.au/productimages/4/4462380.jpg",
    "price": 4,
    "quantity": 0.17,
    "unitPrice": 23.53
  },
  {
    "name": "Woolworths Beef T Bone Steak Medium",
    "url": "https://www.woolworths.com.au/shop/productdetails/675651",
    "img": "https://cdn0.woolworths.media/content/wowproductimages/medium/675651.jpg",
    "price": 16.5,
    "quantity": 0.7,
    "unitPrice": 23.57
  },
  {
    "name": "Biscota With Cocoa",
    "url": "https://www.coles.com.au/product/olympian-biscota-with-cocoa-250g-3083343",
    "img": "https://productimages.coles.com.au/productimages/3/3083343.jpg",
    "price": 5.9,
    "quantity": 0.25,
    "unitPrice": 23.6
  },
  {
    "name": "Sesame Oil Flavour Instant Noodles",
    "url": "https://www.coles.com.au/product/nissin-sesame-oil-flavour-instant-noodles-110g-1383630",
    "img": "https://productimages.coles.com.au/productimages/1/1383630.jpg",
    "price": 2.6,
    "quantity": 0.11,
    "unitPrice": 23.6
  },
  {
    "name": "Perform Build Chicken Stroganoff",
    "url": "https://www.coles.com.au/product/coles-perform-build-chicken-stroganoff-420g-5070965",
    "img": "https://productimages.coles.com.au/productimages/5/5070965.jpg",
    "price": 9.95,
    "quantity": 0.42,
    "unitPrice": 23.7
  },
  {
    "name": "Sushi Kit",
    "url": "https://www.coles.com.au/product/obento-sushi-kit-540g-4680552",
    "img": "https://productimages.coles.com.au/productimages/4/4680552.jpg",
    "price": 12.8,
    "quantity": 0.54,
    "unitPrice": 23.7
  },
  {
    "name": "Pad Thai Cooking Kit",
    "url": "https://www.coles.com.au/product/marion's-kitchen-pad-thai-cooking-kit-358g-8735791",
    "img": "https://productimages.coles.com.au/productimages/8/8735791.jpg",
    "price": 8.5,
    "quantity": 0.358,
    "unitPrice": 23.7
  },
  {
    "name": "Pad Thai Cooking Kit",
    "url": "https://www.coles.com.au/product/marion's-kitchen-pad-thai-cooking-kit-358g-8735791",
    "img": "https://productimages.coles.com.au/productimages/8/8735791.jpg",
    "price": 8.5,
    "quantity": 0.358,
    "unitPrice": 23.7
  },
  {
    "name": "Jamie Oliver Green Pesto",
    "url": "https://www.woolworths.com.au/shop/productdetails/724084",
    "img": "https://cdn0.woolworths.media/content/wowproductimages/medium/724084.jpg",
    "price": 4.5,
    "quantity": 0.19,
    "unitPrice": 23.7
  },
  {
    "name": "Jamie Oliver Pesto Chilli And Garlic",
    "url": "https://www.woolworths.com.au/shop/productdetails/774320",
    "img": "https://cdn0.woolworths.media/content/wowproductimages/medium/774320.jpg",
    "price": 4.5,
    "quantity": 0.19,
    "unitPrice": 23.7
  },
  {
    "name": "Jamie Oliver Italian Herb Pesto Italian Herb",
    "url": "https://www.woolworths.com.au/shop/productdetails/724090",
    "img": "https://cdn0.woolworths.media/content/wowproductimages/medium/724090.jpg",
    "price": 4.5,
    "quantity": 0.19,
    "unitPrice": 23.7
  },
  {
    "name": "La Molisana Pesto Al Basilico",
    "url": "https://www.woolworths.com.au/shop/productdetails/185963",
    "img": "https://cdn0.woolworths.media/content/wowproductimages/medium/185963.jpg",
    "price": 4.5,
    "quantity": 0.19,
    "unitPrice": 23.7
  },
  {
    "name": "La Molisana Pesto Rosso",
    "url": "https://www.woolworths.com.au/shop/productdetails/185962",
    "img": "https://cdn0.woolworths.media/content/wowproductimages/medium/185962.jpg",
    "price": 4.5,
    "quantity": 0.19,
    "unitPrice": 23.7
  },
  {
    "name": "Nestle Bakers Choice Cocoa",
    "url": "https://www.woolworths.com.au/shop/productdetails/755111",
    "img": "https://cdn0.woolworths.media/content/wowproductimages/medium/755111.jpg",
    "price": 4.5,
    "quantity": 0.19,
    "unitPrice": 23.7
  },
  {
    "name": "Woolworths Roasted Garlic Chicken Tenderloins",
    "url": "https://www.woolworths.com.au/shop/productdetails/164677",
    "img": "https://cdn0.woolworths.media/content/wowproductimages/medium/164677.jpg",
    "price": 9.5,
    "quantity": 0.4,
    "unitPrice": 23.75
  },
  {
    "name": "Macro Free Range Chicken Breast Tenders",
    "url": "https://www.woolworths.com.au/shop/productdetails/178505",
    "img": "https://cdn0.woolworths.media/content/wowproductimages/medium/178505.jpg",
    "price": 9.5,
    "quantity": 0.4,
    "unitPrice": 23.75
  },
  {
    "name": "Sunsweet Pitted Prunes",
    "url": "https://www.woolworths.com.au/shop/productdetails/460947",
    "img": "https://cdn0.woolworths.media/content/wowproductimages/medium/460947.jpg",
    "price": 9.5,
    "quantity": 0.4,
    "unitPrice": 23.75
  },
  {
    "name": "John West Tuna With Roast Capsicum & 3 Beans",
    "url": "https://www.woolworths.com.au/shop/productdetails/319476",
    "img": "https://cdn0.woolworths.media/content/wowproductimages/medium/319476.jpg",
    "price": 4.4,
    "quantity": 0.185,
    "unitPrice": 23.78
  },
  {
    "name": "John West Tuna Beans Capsicum Corn & Chilli",
    "url": "https://www.woolworths.com.au/shop/productdetails/329004",
    "img": "https://cdn0.woolworths.media/content/wowproductimages/medium/329004.jpg",
    "price": 4.4,
    "quantity": 0.185,
    "unitPrice": 23.78
  },
  {
    "name": "John West Tuna & 3 Beans",
    "url": "https://www.woolworths.com.au/shop/productdetails/319475",
    "img": "https://cdn0.woolworths.media/content/wowproductimages/medium/319475.jpg",
    "price": 4.4,
    "quantity": 0.185,
    "unitPrice": 23.78
  },
  {
    "name": "Beef Ragu Fettucine",
    "url": "https://www.coles.com.au/product/coles-finest-beef-ragu-fettucine-400g-3771540",
    "img": "https://productimages.coles.com.au/productimages/3/3771540.jpg",
    "price": 9.5,
    "quantity": 0.4,
    "unitPrice": 23.8
  },
  {
    "name": "Gluten Free Chicken Brown Rice Noodle",
    "url": "https://www.coles.com.au/product/coles-gluten-free-chicken-brown-rice-noodle-210g-3410326",
    "img": "https://productimages.coles.com.au/productimages/3/3410326.jpg",
    "price": 5,
    "quantity": 0.21,
    "unitPrice": 23.8
  },
  {
    "name": "Undivided Food Co Good Sugo Napoli Sauce 375g",
    "url": "https://www.woolworths.com.au/shop/productdetails/1073865591",
    "img": "https://cdn0.woolworths.media/content/wowproductimages/medium/1073865591.jpg",
    "price": 8.92,
    "quantity": 0.375,
    "unitPrice": 23.8
  },
  {
    "name": "King Oscar Sardines Tomato Sauce Single Layer",
    "url": "https://www.woolworths.com.au/shop/productdetails/33459",
    "img": "https://cdn0.woolworths.media/content/wowproductimages/medium/033459.jpg",
    "price": 2.5,
    "quantity": 0.105,
    "unitPrice": 23.81
  },
  {
    "name": "Safcol Wild Alaskan Pink Salmon",
    "url": "https://www.woolworths.com.au/shop/productdetails/333367",
    "img": "https://cdn0.woolworths.media/content/wowproductimages/medium/333367.jpg",
    "price": 5,
    "quantity": 0.21,
    "unitPrice": 23.81
  },
  {
    "name": "Streaky Bacon",
    "url": "https://www.coles.com.au/product/primo-streaky-bacon-650g-4261040",
    "img": "https://productimages.coles.com.au/productimages/4/4261040.jpg",
    "price": 15.5,
    "quantity": 0.65,
    "unitPrice": 23.85
  },
  {
    "name": "Asp Scottish Kippers",
    "url": "https://www.woolworths.com.au/shop/productdetails/140267",
    "img": "https://cdn0.woolworths.media/content/wowproductimages/medium/140267.jpg",
    "price": 8,
    "quantity": 0.335,
    "unitPrice": 23.88
  },
  {
    "name": "Moser Roth Dark Ginger Lime Chocolate Block",
    "url": "https://www.aldi.com.au/en/groceries/limited-time-only/limited-time-only-detail/ps/p/moser-roth-dark-ginger-lime-chocolate-block-125g/",
    "img": "https://www.aldi.com.au/fileadmin/_processed_/4/6/csm_1001961-2_SEASONAL_1x1_228x128_B4_7_RET_28a2e9fa01.png",
    "price": 2.99,
    "quantity": 0.125,
    "unitPrice": 23.9
  },
  {
    "name": "Moser Roth Dark Cranberry Chocolate Block",
    "url": "https://www.aldi.com.au/en/groceries/limited-time-only/limited-time-only-detail/ps/p/moser-roth-dark-cranberry-chocolate-block-125g/",
    "img": "https://www.aldi.com.au/fileadmin/_processed_/9/b/csm_1001961-2_SEASONAL_1x1_228x128_B4_8_RET_05136c3f38.png",
    "price": 2.99,
    "quantity": 0.125,
    "unitPrice": 23.9
  },
  {
    "name": "Moser Roth Dark Ginger Lime Chocolate Block",
    "url": "https://www.aldi.com.au/en/groceries/limited-time-only/limited-time-only-detail/ps/p/moser-roth-dark-ginger-lime-chocolate-block-125g/",
    "img": "https://www.aldi.com.au/fileadmin/_processed_/4/6/csm_1001961-2_SEASONAL_1x1_228x128_B4_7_RET_28a2e9fa01.png",
    "price": 2.99,
    "quantity": 0.125,
    "unitPrice": 23.9
  },
  {
    "name": "Moser Roth Dark Cranberry Chocolate Block",
    "url": "https://www.aldi.com.au/en/groceries/limited-time-only/limited-time-only-detail/ps/p/moser-roth-dark-cranberry-chocolate-block-125g/",
    "img": "https://www.aldi.com.au/fileadmin/_processed_/9/b/csm_1001961-2_SEASONAL_1x1_228x128_B4_8_RET_05136c3f38.png",
    "price": 2.99,
    "quantity": 0.125,
    "unitPrice": 23.9
  },
  {
    "name": "Chilli Bean Sauce",
    "url": "https://www.coles.com.au/product/lee-kum-kee-chilli-bean-sauce-226g-6907954",
    "img": "https://productimages.coles.com.au/productimages/6/6907954.jpg",
    "price": 5.4,
    "quantity": 0.226,
    "unitPrice": 23.9
  },
  {
    "name": "Birch & Waite Red Wine Napoletana Pasta Sauce",
    "url": "https://www.woolworths.com.au/shop/productdetails/357762",
    "img": "https://cdn0.woolworths.media/content/wowproductimages/medium/357762.jpg",
    "price": 5.5,
    "quantity": 0.23,
    "unitPrice": 23.9
  },
  {
    "name": "Kitchen Asian Style Salad Bowl",
    "url": "https://www.coles.com.au/product/coles-kitchen-asian-style-salad-bowl-230g-2786585",
    "img": "https://productimages.coles.com.au/productimages/2/2786585.jpg",
    "price": 5.5,
    "quantity": 0.23,
    "unitPrice": 23.91
  },
  {
    "name": "Kitchen Asian Style Salad Bowl",
    "url": "https://www.coles.com.au/product/coles-kitchen-asian-style-salad-bowl-230g-2786585",
    "img": "https://productimages.coles.com.au/productimages/2/2786585.jpg",
    "price": 5.5,
    "quantity": 0.23,
    "unitPrice": 23.91
  },
  {
    "name": "Roasted Salted Cashews",
    "url": "https://www.coles.com.au/product/coles-roasted-salted-cashews-approx.-100g-8412227",
    "img": "https://productimages.coles.com.au/productimages/8/8412227.jpg",
    "price": 2.4,
    "quantity": 0.1,
    "unitPrice": 24
  },
  {
    "name": "Roasted Unsalted Cashews",
    "url": "https://www.coles.com.au/product/coles-roasted-unsalted-cashews-approx.-100g-8412293",
    "img": "https://productimages.coles.com.au/productimages/8/8412293.jpg",
    "price": 2.4,
    "quantity": 0.1,
    "unitPrice": 24
  },
  {
    "name": "Natural Cashews",
    "url": "https://www.coles.com.au/product/coles-natural-cashews-approx.-100g-8412431",
    "img": "https://productimages.coles.com.au/productimages/8/8412431.jpg",
    "price": 2.4,
    "quantity": 0.1,
    "unitPrice": 24
  },
  {
    "name": "Portobello Brown Mushrooms",
    "url": "https://www.coles.com.au/product/coles-portobello-brown-mushrooms-375g-2829509",
    "img": "https://productimages.coles.com.au/productimages/2/2829509.jpg",
    "price": 9,
    "quantity": 0.375,
    "unitPrice": 24
  },
  {
    "name": "Portobello Brown Mushrooms",
    "url": "https://www.coles.com.au/product/coles-portobello-brown-mushrooms-375g-2829509",
    "img": "https://productimages.coles.com.au/productimages/2/2829509.jpg",
    "price": 9,
    "quantity": 0.375,
    "unitPrice": 24
  },
  {
    "name": "Dairy Extra Tasty Cheese Block",
    "url": "https://www.coles.com.au/product/coles-dairy-extra-tasty-cheese-block-250g-5432669",
    "img": "https://productimages.coles.com.au/productimages/5/5432669.jpg",
    "price": 6,
    "quantity": 0.25,
    "unitPrice": 24
  },
  {
    "name": "Cheese Mozzarella Bag",
    "url": "https://www.coles.com.au/product/la-casa-del-formagio-cheese-mozzarella-bag-125g-5429085",
    "img": "https://productimages.coles.com.au/productimages/5/5429085.jpg",
    "price": 3,
    "quantity": 0.125,
    "unitPrice": 24
  },
  {
    "name": "Cheese Brie Wrapped",
    "url": "https://www.coles.com.au/product/coles-dairy-cheese-brie-wrapped-125g-6169489",
    "img": "https://productimages.coles.com.au/productimages/6/6169489.jpg",
    "price": 3,
    "quantity": 0.125,
    "unitPrice": 24
  },
  {
    "name": "Dairy Cheese Camembert Wrapped",
    "url": "https://www.coles.com.au/product/coles-dairy-cheese-camembert-wrapped-125g-6169580",
    "img": "https://productimages.coles.com.au/productimages/6/6169580.jpg",
    "price": 3,
    "quantity": 0.125,
    "unitPrice": 24
  },
  {
    "name": "Colby Cheese Block",
    "url": "https://www.coles.com.au/product/coles-colby-cheese-block-250g-1413298",
    "img": "https://productimages.coles.com.au/productimages/1/1413298.jpg",
    "price": 6,
    "quantity": 0.25,
    "unitPrice": 24
  },
  {
    "name": "Easy Melt Colby Slices",
    "url": "https://www.coles.com.au/product/bega-easy-melt-colby-slices-250g-1446286",
    "img": "https://productimages.coles.com.au/productimages/1/1446286.jpg",
    "price": 6,
    "quantity": 0.25,
    "unitPrice": 24
  },
  {
    "name": "Australian Tasty Cheese Slices 12 Pack",
    "url": "https://www.coles.com.au/product/coles-australian-tasty-cheese-slices-12-pack-250g-1472231",
    "img": "https://productimages.coles.com.au/productimages/1/1472231.jpg",
    "price": 6,
    "quantity": 0.25,
    "unitPrice": 24
  },
  {
    "name": "Strong & Bitey Vintage Cheese Block",
    "url": "https://www.coles.com.au/product/bega-strong-&-bitey-vintage-cheese-block-250g-166557",
    "img": "https://productimages.coles.com.au/productimages/1/166557.jpg",
    "price": 6,
    "quantity": 0.25,
    "unitPrice": 24
  },
  {
    "name": "Blue Food Colour",
    "url": "https://www.coles.com.au/product/queen-blue-food-colour-50ml-194450",
    "img": "https://productimages.coles.com.au/productimages/1/194450.jpg",
    "price": 1.2,
    "quantity": 0.05,
    "unitPrice": 24
  },
  {
    "name": "Green Food Colour",
    "url": "https://www.coles.com.au/product/queen-green-food-colour-50ml-194472",
    "img": "https://productimages.coles.com.au/productimages/1/194472.jpg",
    "price": 1.2,
    "quantity": 0.05,
    "unitPrice": 24
  },
  {
    "name": "Yellow Food Colour",
    "url": "https://www.coles.com.au/product/queen-yellow-food-colour-50ml-194519",
    "img": "https://productimages.coles.com.au/productimages/1/194519.jpg",
    "price": 1.2,
    "quantity": 0.05,
    "unitPrice": 24
  },
  {
    "name": "Pillar Box Red Food Colour",
    "url": "https://www.coles.com.au/product/queen-pillar-box-red-food-colour-50ml-9754805",
    "img": "https://productimages.coles.com.au/productimages/9/9754805.jpg",
    "price": 1.2,
    "quantity": 0.05,
    "unitPrice": 24
  },
  {
    "name": "Crumbed Walnuts",
    "url": "https://www.coles.com.au/product/coles-crumbed-walnuts-125g-4448674",
    "img": "https://productimages.coles.com.au/productimages/4/4448674.jpg",
    "price": 3,
    "quantity": 0.125,
    "unitPrice": 24
  },
  {
    "name": "Reduced Sugar Craisins Value Pack",
    "url": "https://www.coles.com.au/product/ocean-spray-reduced-sugar-craisins-value-pack-250g-4476603",
    "img": "https://productimages.coles.com.au/productimages/4/4476603.jpg",
    "price": 6,
    "quantity": 0.25,
    "unitPrice": 24
  },
  {
    "name": "Prepared Suet Mix",
    "url": "https://www.coles.com.au/product/tandaco-prepared-suet-mix-250g-5133351",
    "img": "https://productimages.coles.com.au/productimages/5/5133351.jpg",
    "price": 6,
    "quantity": 0.25,
    "unitPrice": 24
  },
  {
    "name": "Fruit Medley Dried",
    "url": "https://www.coles.com.au/product/angas-park-fruit-medley-dried-375g-7881131",
    "img": "https://productimages.coles.com.au/productimages/7/7881131.jpg",
    "price": 9,
    "quantity": 0.375,
    "unitPrice": 24
  },
  {
    "name": "Australian Nuts Natural Almonds",
    "url": "https://www.coles.com.au/product/sunbeam-australian-nuts-natural-almonds-450g-5619841",
    "img": "https://productimages.coles.com.au/productimages/5/5619841.jpg",
    "price": 10.8,
    "quantity": 0.45,
    "unitPrice": 24
  },
  {
    "name": "Blue Food Colour",
    "url": "https://www.coles.com.au/product/queen-blue-food-colour-50ml-194450",
    "img": "https://productimages.coles.com.au/productimages/1/194450.jpg",
    "price": 1.2,
    "quantity": 0.05,
    "unitPrice": 24
  },
  {
    "name": "Green Food Colour",
    "url": "https://www.coles.com.au/product/queen-green-food-colour-50ml-194472",
    "img": "https://productimages.coles.com.au/productimages/1/194472.jpg",
    "price": 1.2,
    "quantity": 0.05,
    "unitPrice": 24
  },
  {
    "name": "Yellow Food Colour",
    "url": "https://www.coles.com.au/product/queen-yellow-food-colour-50ml-194519",
    "img": "https://productimages.coles.com.au/productimages/1/194519.jpg",
    "price": 1.2,
    "quantity": 0.05,
    "unitPrice": 24
  },
  {
    "name": "Pillar Box Red Food Colour",
    "url": "https://www.coles.com.au/product/queen-pillar-box-red-food-colour-50ml-9754805",
    "img": "https://productimages.coles.com.au/productimages/9/9754805.jpg",
    "price": 1.2,
    "quantity": 0.05,
    "unitPrice": 24
  },
  {
    "name": "Crumbed Walnuts",
    "url": "https://www.coles.com.au/product/coles-crumbed-walnuts-125g-4448674",
    "img": "https://productimages.coles.com.au/productimages/4/4448674.jpg",
    "price": 3,
    "quantity": 0.125,
    "unitPrice": 24
  },
  {
    "name": "Reduced Sugar Craisins Value Pack",
    "url": "https://www.coles.com.au/product/ocean-spray-reduced-sugar-craisins-value-pack-250g-4476603",
    "img": "https://productimages.coles.com.au/productimages/4/4476603.jpg",
    "price": 6,
    "quantity": 0.25,
    "unitPrice": 24
  },
  {
    "name": "Prepared Suet Mix",
    "url": "https://www.coles.com.au/product/tandaco-prepared-suet-mix-250g-5133351",
    "img": "https://productimages.coles.com.au/productimages/5/5133351.jpg",
    "price": 6,
    "quantity": 0.25,
    "unitPrice": 24
  },
  {
    "name": "Fruit Medley Dried",
    "url": "https://www.coles.com.au/product/angas-park-fruit-medley-dried-375g-7881131",
    "img": "https://productimages.coles.com.au/productimages/7/7881131.jpg",
    "price": 9,
    "quantity": 0.375,
    "unitPrice": 24
  },
  {
    "name": "Australian Nuts Natural Almonds",
    "url": "https://www.coles.com.au/product/sunbeam-australian-nuts-natural-almonds-450g-5619841",
    "img": "https://productimages.coles.com.au/productimages/5/5619841.jpg",
    "price": 10.8,
    "quantity": 0.45,
    "unitPrice": 24
  },
  {
    "name": "Lentil & Chickpea Soup Kit",
    "url": "https://www.coles.com.au/product/rosella-lentil-&-chickpea-soup-kit-208g-6128969",
    "img": "https://productimages.coles.com.au/productimages/6/6128969.jpg",
    "price": 5,
    "quantity": 0.208,
    "unitPrice": 24
  },
  {
    "name": "Enchilada Soup Kit",
    "url": "https://www.coles.com.au/product/rosella-enchilada-soup-kit-208g-6128980",
    "img": "https://productimages.coles.com.au/productimages/6/6128980.jpg",
    "price": 5,
    "quantity": 0.208,
    "unitPrice": 24
  },
  {
    "name": "White Sea Salt Flakes",
    "url": "https://www.coles.com.au/product/coles-white-sea-salt-flakes-250g-3021051",
    "img": "https://productimages.coles.com.au/productimages/3/3021051.jpg",
    "price": 6,
    "quantity": 0.25,
    "unitPrice": 24
  },
  {
    "name": "Sweet Paprika",
    "url": "https://www.coles.com.au/product/hoyts-sweet-paprika-190g-5269900",
    "img": "https://productimages.coles.com.au/productimages/5/5269900.jpg",
    "price": 4.6,
    "quantity": 0.19,
    "unitPrice": 24
  },
  {
    "name": "Green Jalapenos",
    "url": "https://www.coles.com.au/product/old-el-paso-green-jalapenos-250g-5224560",
    "img": "https://productimages.coles.com.au/productimages/5/5224560.jpg",
    "price": 6,
    "quantity": 0.25,
    "unitPrice": 24
  },
  {
    "name": "Ready Sauce San Choy Bao",
    "url": "https://www.coles.com.au/product/lee-kum-kee-ready-sauce-san-choy-bao-100g-3737042",
    "img": "https://productimages.coles.com.au/productimages/3/3737042.jpg",
    "price": 2.4,
    "quantity": 0.1,
    "unitPrice": 24
  },
  {
    "name": "Ready Sauce Teriyaki Beef",
    "url": "https://www.coles.com.au/product/lee-kum-kee-ready-sauce-teriyaki-beef-100g-6069837",
    "img": "https://productimages.coles.com.au/productimages/6/6069837.jpg",
    "price": 2.4,
    "quantity": 0.1,
    "unitPrice": 24
  },
  {
    "name": "Pickled Eggplant",
    "url": "https://www.coles.com.au/product/patak's-pickled-eggplant-312g-5616060",
    "img": "https://productimages.coles.com.au/productimages/5/5616060.jpg",
    "price": 7.5,
    "quantity": 0.312,
    "unitPrice": 24
  },
  {
    "name": "Balsamic Vinegar Of Modena",
    "url": "https://www.coles.com.au/product/coles-finest-balsamic-vinegar-of-modena-250ml-1503754",
    "img": "https://productimages.coles.com.au/productimages/1/1503754.jpg",
    "price": 6,
    "quantity": 0.25,
    "unitPrice": 24
  },
  {
    "name": "Extra Virgin Avocado Oil",
    "url": "https://www.coles.com.au/product/coles-extra-virgin-avocado-oil-250ml-3209871",
    "img": "https://productimages.coles.com.au/productimages/3/3209871.jpg",
    "price": 6,
    "quantity": 0.25,
    "unitPrice": 24
  },
  {
    "name": "Cold Pressed Macadamia Oil",
    "url": "https://www.coles.com.au/product/plenty-cold-pressed-macadamia-oil-375ml-4993456",
    "img": "https://productimages.coles.com.au/productimages/4/4993456.jpg",
    "price": 9,
    "quantity": 0.375,
    "unitPrice": 24
  },
  {
    "name": "Cold Pressed Walnut Oil",
    "url": "https://www.coles.com.au/product/plenty-cold-pressed-walnut-oil-375ml-4993591",
    "img": "https://productimages.coles.com.au/productimages/4/4993591.jpg",
    "price": 9,
    "quantity": 0.375,
    "unitPrice": 24
  },
  {
    "name": "The Gourmet Specialists Classic Sticky Balsamic Vinegar",
    "url": "https://www.woolworths.com.au/shop/productdetails/169388",
    "img": "https://cdn0.woolworths.media/content/wowproductimages/medium/169388.jpg",
    "price": 6,
    "quantity": 0.25,
    "unitPrice": 24
  },
  {
    "name": "Macro Organic Vinegar Balsamic 4 Leaf",
    "url": "https://www.woolworths.com.au/shop/productdetails/700635",
    "img": "https://cdn0.woolworths.media/content/wowproductimages/medium/700635.jpg",
    "price": 6,
    "quantity": 0.25,
    "unitPrice": 24
  },
  {
    "name": "Monini Classico Extra Virgin Olive Oil",
    "url": "https://www.woolworths.com.au/shop/productdetails/663196",
    "img": "https://cdn0.woolworths.media/content/wowproductimages/medium/663196.jpg",
    "price": 18,
    "quantity": 0.75,
    "unitPrice": 24
  },
  {
    "name": "Cockatoo Grove Organic Australian Extra Virgin Olive Oil Classic",
    "url": "https://www.woolworths.com.au/shop/productdetails/182845",
    "img": "https://cdn0.woolworths.media/content/wowproductimages/medium/182845.jpg",
    "price": 18,
    "quantity": 0.75,
    "unitPrice": 24
  },
  {
    "name": "Bertolli Extra Virgin Olive Oil Originale",
    "url": "https://www.woolworths.com.au/shop/productdetails/502951",
    "img": "https://cdn0.woolworths.media/content/wowproductimages/medium/502951.jpg",
    "price": 18,
    "quantity": 0.75,
    "unitPrice": 24
  },
  {
    "name": "Plenty Cold Pressed Macadamia Oil",
    "url": "https://www.woolworths.com.au/shop/productdetails/137656",
    "img": "https://cdn0.woolworths.media/content/wowproductimages/medium/137656.jpg",
    "price": 9,
    "quantity": 0.375,
    "unitPrice": 24
  },
  {
    "name": "Bertolli Olive Oil Light In Taste",
    "url": "https://www.woolworths.com.au/shop/productdetails/502955",
    "img": "https://cdn0.woolworths.media/content/wowproductimages/medium/502955.jpg",
    "price": 18,
    "quantity": 0.75,
    "unitPrice": 24
  },
  {
    "name": "Monini Delicato Extra Virgin Olive Oil",
    "url": "https://www.woolworths.com.au/shop/productdetails/663195",
    "img": "https://cdn0.woolworths.media/content/wowproductimages/medium/663195.jpg",
    "price": 18,
    "quantity": 0.75,
    "unitPrice": 24
  },
  {
    "name": "Cockatoo Grove Organic Australian Extra Virgin Olive Oil",
    "url": "https://www.woolworths.com.au/shop/productdetails/81782",
    "img": "https://cdn0.woolworths.media/content/wowproductimages/medium/default.png",
    "price": 12,
    "quantity": 0.5,
    "unitPrice": 24
  },
  {
    "name": "Cockatoo Grove Organic Australian Robust Extra Virgin Olive Oil",
    "url": "https://www.woolworths.com.au/shop/productdetails/182913",
    "img": "https://cdn0.woolworths.media/content/wowproductimages/medium/182913.jpg",
    "price": 18,
    "quantity": 0.75,
    "unitPrice": 24
  },
  {
    "name": "Cockatoo Grove Organic Australian Mellow Extra Virgin Olive Oil",
    "url": "https://www.woolworths.com.au/shop/productdetails/182248",
    "img": "https://cdn0.woolworths.media/content/wowproductimages/medium/182248.jpg",
    "price": 18,
    "quantity": 0.75,
    "unitPrice": 24
  },
  {
    "name": "Woolworths Beef Stir Fry",
    "url": "https://www.woolworths.com.au/shop/productdetails/531015",
    "img": "https://cdn0.woolworths.media/content/wowproductimages/medium/531015.jpg",
    "price": 12,
    "quantity": 0.5,
    "unitPrice": 24
  },
  {
    "name": "Macro Grass Fed Beef Chuck Steak",
    "url": "https://www.woolworths.com.au/shop/productdetails/254623",
    "img": "https://cdn0.woolworths.media/content/wowproductimages/medium/254623.jpg",
    "price": 19.2,
    "quantity": 0.8,
    "unitPrice": 24
  },
  {
    "name": "Woolworths Cook Butterflied Lamb Shoulder With Rosemary & Mint",
    "url": "https://www.woolworths.com.au/shop/productdetails/337138",
    "img": "https://cdn0.woolworths.media/content/wowproductimages/medium/337138.jpg",
    "price": 39.6,
    "quantity": 1.65,
    "unitPrice": 24
  },
  {
    "name": "Woolworths Cook Butterflied Lamb Shoulder With Lemon & Garlic",
    "url": "https://www.woolworths.com.au/shop/productdetails/383347",
    "img": "https://cdn0.woolworths.media/content/wowproductimages/medium/383347.jpg",
    "price": 36,
    "quantity": 1.5,
    "unitPrice": 24
  },
  {
    "name": "Woolworths Garlic Salt",
    "url": "https://www.woolworths.com.au/shop/productdetails/647761",
    "img": "https://cdn0.woolworths.media/content/wowproductimages/medium/647761.jpg",
    "price": 1.7,
    "quantity": 0.072,
    "unitPrice": 24
  },
  {
    "name": "Tandaco Prepared Suet Mix Suet",
    "url": "https://www.woolworths.com.au/shop/productdetails/15260",
    "img": "https://cdn0.woolworths.media/content/wowproductimages/medium/015260.jpg",
    "price": 6,
    "quantity": 0.25,
    "unitPrice": 24
  },
  {
    "name": "Bonox Beef Stock Paste Extract",
    "url": "https://www.woolworths.com.au/shop/productdetails/33893",
    "img": "https://cdn0.woolworths.media/content/wowproductimages/medium/033893.jpg",
    "price": 5.5,
    "quantity": 0.23,
    "unitPrice": 24
  },
  {
    "name": "Lee Kum Kee Sauce Teriyaki Beef",
    "url": "https://www.woolworths.com.au/shop/productdetails/263288",
    "img": "https://cdn0.woolworths.media/content/wowproductimages/medium/263288.jpg",
    "price": 2.4,
    "quantity": 0.1,
    "unitPrice": 24
  },
  {
    "name": "Lee Kum Kee Sauce San Choy Bao",
    "url": "https://www.woolworths.com.au/shop/productdetails/329803",
    "img": "https://cdn0.woolworths.media/content/wowproductimages/medium/329803.jpg",
    "price": 2.4,
    "quantity": 0.1,
    "unitPrice": 24
  },
  {
    "name": "Queen Yellow Food Colour",
    "url": "https://www.woolworths.com.au/shop/productdetails/37423",
    "img": "https://cdn0.woolworths.media/content/wowproductimages/medium/037423.jpg",
    "price": 1.2,
    "quantity": 0.05,
    "unitPrice": 24
  },
  {
    "name": "Queen Pillar Box Red Food Colour",
    "url": "https://www.woolworths.com.au/shop/productdetails/205664",
    "img": "https://cdn0.woolworths.media/content/wowproductimages/medium/205664.jpg",
    "price": 1.2,
    "quantity": 0.05,
    "unitPrice": 24
  },
  {
    "name": "Queen Blue Food Colour",
    "url": "https://www.woolworths.com.au/shop/productdetails/37421",
    "img": "https://cdn0.woolworths.media/content/wowproductimages/medium/037421.jpg",
    "price": 1.2,
    "quantity": 0.05,
    "unitPrice": 24
  },
  {
    "name": "Queen Green Food Colour",
    "url": "https://www.woolworths.com.au/shop/productdetails/37422",
    "img": "https://cdn0.woolworths.media/content/wowproductimages/medium/037422.jpg",
    "price": 1.2,
    "quantity": 0.05,
    "unitPrice": 24
  },
  {
    "name": "Queen Rose Pink Food Colour",
    "url": "https://www.woolworths.com.au/shop/productdetails/37362",
    "img": "https://cdn0.woolworths.media/content/wowproductimages/medium/037362.jpg",
    "price": 1.2,
    "quantity": 0.05,
    "unitPrice": 24
  },
  {
    "name": "Creative Kitchen Marzipan",
    "url": "https://www.woolworths.com.au/shop/productdetails/490830",
    "img": "https://cdn0.woolworths.media/content/wowproductimages/medium/490830.jpg",
    "price": 6,
    "quantity": 0.25,
    "unitPrice": 24
  },
  {
    "name": "Macro Cashew Kernels",
    "url": "https://www.woolworths.com.au/shop/productdetails/355126",
    "img": "https://cdn0.woolworths.media/content/wowproductimages/medium/355126.jpg",
    "price": 12,
    "quantity": 0.5,
    "unitPrice": 24
  },
  {
    "name": "Ocean Spray Reduced Sugar Craisins",
    "url": "https://www.woolworths.com.au/shop/productdetails/528827",
    "img": "https://cdn0.woolworths.media/content/wowproductimages/medium/528827.jpg",
    "price": 6,
    "quantity": 0.25,
    "unitPrice": 24
  },
  {
    "name": "Angas Park Fruit Mix Medley",
    "url": "https://www.woolworths.com.au/shop/productdetails/55432",
    "img": "https://cdn0.woolworths.media/content/wowproductimages/medium/055432.jpg",
    "price": 9,
    "quantity": 0.375,
    "unitPrice": 24
  },
  {
    "name": "Sweets Artificial 100s & 1000s",
    "url": "https://www.coles.com.au/product/dollar-sweets-artificial-100s-&-1000s-145g-4414504",
    "img": "https://productimages.coles.com.au/productimages/4/4414504.jpg",
    "price": 3.5,
    "quantity": 0.145,
    "unitPrice": 24.1
  },
  {
    "name": "Sweets Artificial 100s & 1000s",
    "url": "https://www.coles.com.au/product/dollar-sweets-artificial-100s-&-1000s-145g-4414504",
    "img": "https://productimages.coles.com.au/productimages/4/4414504.jpg",
    "price": 3.5,
    "quantity": 0.145,
    "unitPrice": 24.1
  },
  {
    "name": "Shredded Wheat Cereal",
    "url": "https://www.coles.com.au/product/uncle-tobys-shredded-wheat-cereal-270g-9685531",
    "img": "https://productimages.coles.com.au/productimages/9/9685531.jpg",
    "price": 6.5,
    "quantity": 0.27,
    "unitPrice": 24.1
  },
  {
    "name": "Shredded Wheat Cereal",
    "url": "https://www.coles.com.au/product/uncle-tobys-shredded-wheat-cereal-270g-9685531",
    "img": "https://productimages.coles.com.au/productimages/9/9685531.jpg",
    "price": 6.5,
    "quantity": 0.27,
    "unitPrice": 24.1
  },
  {
    "name": "Pasta & Sauce Family Sour Cream Chives",
    "url": "https://www.coles.com.au/product/continental-pasta-&-sauce-family-sour-cream-chives-145g-4727350",
    "img": "https://productimages.coles.com.au/productimages/4/4727350.jpg",
    "price": 3.5,
    "quantity": 0.145,
    "unitPrice": 24.1
  },
  {
    "name": "Continental Classics Creamy Pasta Sauce Bacon Carbonara Family Pack",
    "url": "https://www.woolworths.com.au/shop/productdetails/761509",
    "img": "https://cdn0.woolworths.media/content/wowproductimages/medium/761509.jpg",
    "price": 3.5,
    "quantity": 0.145,
    "unitPrice": 24.1
  },
  {
    "name": "Continental Classics Pasta & Sauce Alfredo Family Pack",
    "url": "https://www.woolworths.com.au/shop/productdetails/761526",
    "img": "https://cdn0.woolworths.media/content/wowproductimages/medium/761526.jpg",
    "price": 3.5,
    "quantity": 0.145,
    "unitPrice": 24.1
  },
  {
    "name": "Continental Classics Sour Cream & Chives Pasta & Sauce Family Pack",
    "url": "https://www.woolworths.com.au/shop/productdetails/761556",
    "img": "https://cdn0.woolworths.media/content/wowproductimages/medium/761556.jpg",
    "price": 3.5,
    "quantity": 0.145,
    "unitPrice": 24.1
  },
  {
    "name": "Kellogg's Nutri Grain Protein Breakfast Cereal",
    "url": "https://www.woolworths.com.au/shop/productdetails/701706",
    "img": "https://cdn0.woolworths.media/content/wowproductimages/medium/701706.jpg",
    "price": 7,
    "quantity": 0.29,
    "unitPrice": 24.1
  },
  {
    "name": "Uncle Tobys Shredded Wheat Breakfast Cereal",
    "url": "https://www.woolworths.com.au/shop/productdetails/201809",
    "img": "https://cdn0.woolworths.media/content/wowproductimages/medium/201809.jpg",
    "price": 6.5,
    "quantity": 0.27,
    "unitPrice": 24.1
  },
  {
    "name": "Regular Corned Beef",
    "url": "https://www.coles.com.au/product/hamper-regular-corned-beef-340g-118612",
    "img": "https://productimages.coles.com.au/productimages/1/118612.jpg",
    "price": 8.2,
    "quantity": 0.34,
    "unitPrice": 24.12
  },
  {
    "name": "Corned Beef Lite Canned Meat",
    "url": "https://www.coles.com.au/product/hamper-corned-beef-lite-canned-meat-340g-8281413",
    "img": "https://productimages.coles.com.au/productimages/8/8281413.jpg",
    "price": 8.2,
    "quantity": 0.34,
    "unitPrice": 24.12
  },
  {
    "name": "Woolworths Beef Oyster Blade Steak",
    "url": "https://www.woolworths.com.au/shop/productdetails/675479",
    "img": "https://cdn0.woolworths.media/content/wowproductimages/medium/675479.jpg",
    "price": 14.5,
    "quantity": 0.6,
    "unitPrice": 24.17
  },
  {
    "name": "Breakfast Bakes Honey and Almond Oats 4 pack",
    "url": "https://www.coles.com.au/product/uncle-tobys-breakfast-bakes-honey-and-almond-oats-4-pack-260g-3375338",
    "img": "https://productimages.coles.com.au/productimages/3/3375338.jpg",
    "price": 6.3,
    "quantity": 0.26,
    "unitPrice": 24.2
  },
  {
    "name": "Breakfast Bakes Berry Harvest Oats 4 pack",
    "url": "https://www.coles.com.au/product/uncle-tobys-breakfast-bakes-berry-harvest-oats-4-pack-260g-3375349",
    "img": "https://productimages.coles.com.au/productimages/3/3375349.jpg",
    "price": 6.3,
    "quantity": 0.26,
    "unitPrice": 24.2
  },
  {
    "name": "Breakfast Bakes Honey and Almond Oats 4 pack",
    "url": "https://www.coles.com.au/product/uncle-tobys-breakfast-bakes-honey-and-almond-oats-4-pack-260g-3375338",
    "img": "https://productimages.coles.com.au/productimages/3/3375338.jpg",
    "price": 6.3,
    "quantity": 0.26,
    "unitPrice": 24.2
  },
  {
    "name": "Breakfast Bakes Berry Harvest Oats 4 pack",
    "url": "https://www.coles.com.au/product/uncle-tobys-breakfast-bakes-berry-harvest-oats-4-pack-260g-3375349",
    "img": "https://productimages.coles.com.au/productimages/3/3375349.jpg",
    "price": 6.3,
    "quantity": 0.26,
    "unitPrice": 24.2
  },
  {
    "name": "Stand 'N Stuff Mini Taco Shell Kit",
    "url": "https://www.coles.com.au/product/old-el-paso-stand-'n-stuff-mini-taco-shell-kit-275g-2745737",
    "img": "https://productimages.coles.com.au/productimages/2/2745737.jpg",
    "price": 6.65,
    "quantity": 0.275,
    "unitPrice": 24.2
  },
  {
    "name": "Uncle Tobys Oats Breakfast Bakes Cereal Bar Honey & Roasted Almond",
    "url": "https://www.woolworths.com.au/shop/productdetails/28589",
    "img": "https://cdn0.woolworths.media/content/wowproductimages/medium/028589.jpg",
    "price": 6.3,
    "quantity": 0.26,
    "unitPrice": 24.2
  },
  {
    "name": "Uncle Tobys Oats Breakfast Bakes Cereal Bar Apple & Cinnamon",
    "url": "https://www.woolworths.com.au/shop/productdetails/28617",
    "img": "https://cdn0.woolworths.media/content/wowproductimages/medium/028617.jpg",
    "price": 6.3,
    "quantity": 0.26,
    "unitPrice": 24.2
  },
  {
    "name": "Uncle Tobys Oats Breakfast Bakes Cereal Bar Berry Harvest",
    "url": "https://www.woolworths.com.au/shop/productdetails/28603",
    "img": "https://cdn0.woolworths.media/content/wowproductimages/medium/028603.jpg",
    "price": 6.3,
    "quantity": 0.26,
    "unitPrice": 24.2
  },
  {
    "name": "Medjool Dates Prepacked",
    "url": "https://www.coles.com.au/product/natural-delights-medjool-dates-prepacked-454g-8922802",
    "img": "https://productimages.coles.com.au/productimages/8/8922802.jpg",
    "price": 11,
    "quantity": 0.454,
    "unitPrice": 24.23
  },
  {
    "name": "Medjool Dates Prepacked",
    "url": "https://www.coles.com.au/product/natural-delights-medjool-dates-prepacked-454g-8922802",
    "img": "https://productimages.coles.com.au/productimages/8/8922802.jpg",
    "price": 11,
    "quantity": 0.454,
    "unitPrice": 24.23
  },
  {
    "name": "Medjool Dates Prepacked",
    "url": "https://www.coles.com.au/product/natural-delights-medjool-dates-prepacked-454g-8922802",
    "img": "https://productimages.coles.com.au/productimages/8/8922802.jpg",
    "price": 11,
    "quantity": 0.454,
    "unitPrice": 24.23
  },
  {
    "name": "Medjool Dates Prepacked",
    "url": "https://www.coles.com.au/product/natural-delights-medjool-dates-prepacked-454g-8922802",
    "img": "https://productimages.coles.com.au/productimages/8/8922802.jpg",
    "price": 11,
    "quantity": 0.454,
    "unitPrice": 24.23
  },
  {
    "name": "Stevia Organic Natural Sweetener",
    "url": "https://www.coles.com.au/product/sugarless-stevia-organic-natural-sweetener-350g-2002540",
    "img": "https://productimages.coles.com.au/productimages/2/2002540.jpg",
    "price": 8.5,
    "quantity": 0.35,
    "unitPrice": 24.3
  },
  {
    "name": "Dried Shaved Coconut",
    "url": "https://www.coles.com.au/product/mckenzie's-dried-shaved-coconut-150g-2777799",
    "img": "https://productimages.coles.com.au/productimages/2/2777799.jpg",
    "price": 3.65,
    "quantity": 0.15,
    "unitPrice": 24.3
  },
  {
    "name": "Stevia Organic Natural Sweetener",
    "url": "https://www.coles.com.au/product/sugarless-stevia-organic-natural-sweetener-350g-2002540",
    "img": "https://productimages.coles.com.au/productimages/2/2002540.jpg",
    "price": 8.5,
    "quantity": 0.35,
    "unitPrice": 24.3
  },
  {
    "name": "Oriental Fried Rice",
    "url": "https://www.coles.com.au/product/continental-oriental-fried-rice-115g-5431510",
    "img": "https://productimages.coles.com.au/productimages/5/5431510.jpg",
    "price": 2.8,
    "quantity": 0.115,
    "unitPrice": 24.3
  },
  {
    "name": "Signature Fried Chicken Kit",
    "url": "https://www.coles.com.au/product/marion's-kitchen-signature-fried-chicken-kit-255g-5368210",
    "img": "https://productimages.coles.com.au/productimages/5/5368210.jpg",
    "price": 6.2,
    "quantity": 0.255,
    "unitPrice": 24.3
  },
  {
    "name": "Drinkable Konjac Jelly Peach Flavour",
    "url": "https://www.coles.com.au/product/jelly-b-drinkable-konjac-jelly-peach-flavour-150ml-3453329",
    "img": "https://productimages.coles.com.au/productimages/3/3453329.jpg",
    "price": 3.65,
    "quantity": 0.15,
    "unitPrice": 24.3
  },
  {
    "name": "Drinkable Konjac Jelly Blueberry Flavour",
    "url": "https://www.coles.com.au/product/jelly-b-drinkable-konjac-jelly-blueberry-flavour-150ml-3642853",
    "img": "https://productimages.coles.com.au/productimages/3/3642853.jpg",
    "price": 3.65,
    "quantity": 0.15,
    "unitPrice": 24.3
  },
  {
    "name": "Drinkable Konjac Jelly Mango Flavour",
    "url": "https://www.coles.com.au/product/jelly-b-drinkable-konjac-jelly-mango-flavour-150ml-3642875",
    "img": "https://productimages.coles.com.au/productimages/3/3642875.jpg",
    "price": 3.65,
    "quantity": 0.15,
    "unitPrice": 24.3
  },
  {
    "name": "Jelly B Drinkable Jelly Lychee",
    "url": "https://www.coles.com.au/product/yacoya-jelly-b-drinkable-jelly-lychee-150ml-5011795",
    "img": "https://productimages.coles.com.au/productimages/5/5011795.jpg",
    "price": 3.65,
    "quantity": 0.15,
    "unitPrice": 24.3
  },
  {
    "name": "Signature Fried Chicken Kit",
    "url": "https://www.coles.com.au/product/marion's-kitchen-signature-fried-chicken-kit-255g-5368210",
    "img": "https://productimages.coles.com.au/productimages/5/5368210.jpg",
    "price": 6.2,
    "quantity": 0.255,
    "unitPrice": 24.3
  },
  {
    "name": "Continental Simmer Soup Dutch Curry & Rice",
    "url": "https://www.woolworths.com.au/shop/productdetails/34392",
    "img": "https://cdn0.woolworths.media/content/wowproductimages/medium/034392.jpg",
    "price": 1.7,
    "quantity": 0.07,
    "unitPrice": 24.3
  },
  {
    "name": "Macro Free Range Chicken Schnitzel",
    "url": "https://www.woolworths.com.au/shop/productdetails/160857",
    "img": "https://cdn0.woolworths.media/content/wowproductimages/medium/160857.jpg",
    "price": 8.5,
    "quantity": 0.35,
    "unitPrice": 24.3
  },
  {
    "name": "Sugarless Stevia Organic",
    "url": "https://www.woolworths.com.au/shop/productdetails/665840",
    "img": "https://cdn0.woolworths.media/content/wowproductimages/medium/665840.jpg",
    "price": 8.5,
    "quantity": 0.35,
    "unitPrice": 24.3
  },
  {
    "name": "Mt Elephant Choc Chunk Wholefood Blondie Mix",
    "url": "https://www.woolworths.com.au/shop/productdetails/212382",
    "img": "https://cdn0.woolworths.media/content/wowproductimages/medium/212382.jpg",
    "price": 8.5,
    "quantity": 0.35,
    "unitPrice": 24.3
  },
  {
    "name": "Mt Elephant Choc Chunk Wholefood Brownie Mix",
    "url": "https://www.woolworths.com.au/shop/productdetails/210815",
    "img": "https://cdn0.woolworths.media/content/wowproductimages/medium/210815.jpg",
    "price": 8.5,
    "quantity": 0.35,
    "unitPrice": 24.3
  },
  {
    "name": "Mt Elephant Rasberry & Whyte Chocolate Blondie Mix",
    "url": "https://www.woolworths.com.au/shop/productdetails/277561",
    "img": "https://cdn0.woolworths.media/content/wowproductimages/medium/277561.jpg",
    "price": 8.5,
    "quantity": 0.35,
    "unitPrice": 24.3
  },
  {
    "name": "Pure Sesame Oil",
    "url": "https://www.coles.com.au/product/lee-kum-kee-pure-sesame-oil-207ml-5253116",
    "img": "https://productimages.coles.com.au/productimages/5/5253116.jpg",
    "price": 5.05,
    "quantity": 0.207,
    "unitPrice": 24.4
  },
  {
    "name": "Woolworths Fully Loaded Chocolate Brownie Cheesecake",
    "url": "https://www.woolworths.com.au/shop/productdetails/103359",
    "img": "https://cdn0.woolworths.media/content/wowproductimages/medium/103359.jpg",
    "price": 22,
    "quantity": 0.9,
    "unitPrice": 24.4
  },
  {
    "name": "Woolworths Fully Loaded Chocolate Brownie Cheesecake",
    "url": "https://www.woolworths.com.au/shop/productdetails/103359",
    "img": "https://cdn0.woolworths.media/content/wowproductimages/medium/103359.jpg",
    "price": 22,
    "quantity": 0.9,
    "unitPrice": 24.4
  },
  {
    "name": "Kikkoman Soy Sauce Soy",
    "url": "https://www.woolworths.com.au/shop/productdetails/37808",
    "img": "https://cdn0.woolworths.media/content/wowproductimages/medium/037808.jpg",
    "price": 6.1,
    "quantity": 0.25,
    "unitPrice": 24.4
  },
  {
    "name": "Macro Organic Grass Fed Beef Sausages",
    "url": "https://www.woolworths.com.au/shop/productdetails/133861",
    "img": "https://cdn0.woolworths.media/content/wowproductimages/medium/133861.jpg",
    "price": 11,
    "quantity": 0.45,
    "unitPrice": 24.44
  },
  {
    "name": "Caffe Crema Coffee",
    "url": "https://www.coles.com.au/product/grinders-caffe-crema-coffee-1kg-1336197",
    "img": "https://productimages.coles.com.au/productimages/1/1336197.jpg",
    "price": 24.5,
    "quantity": 1,
    "unitPrice": 24.5
  },
  {
    "name": "Rich & Bold Espresso Coffee Beans",
    "url": "https://www.coles.com.au/product/grinders-rich-&-bold-espresso-coffee-beans-1kg-2686933",
    "img": "https://productimages.coles.com.au/productimages/2/2686933.jpg",
    "price": 24.5,
    "quantity": 1,
    "unitPrice": 24.5
  },
  {
    "name": "Rich Espresso Coffee Beans",
    "url": "https://www.coles.com.au/product/grinders-rich-espresso-coffee-beans-1kg-3516065",
    "img": "https://productimages.coles.com.au/productimages/3/3516065.jpg",
    "price": 24.5,
    "quantity": 1,
    "unitPrice": 24.5
  },
  {
    "name": "Woolworths Short Cut Bacon",
    "url": "https://www.woolworths.com.au/shop/productdetails/509865",
    "img": "https://cdn0.woolworths.media/content/wowproductimages/medium/509865.jpg",
    "price": 4.9,
    "quantity": 0.2,
    "unitPrice": 24.5
  },
  {
    "name": "Nature Nate's 100% Pure Organic Australian Raw & Unfiltered Honey",
    "url": "https://www.woolworths.com.au/shop/productdetails/99800",
    "img": "https://cdn0.woolworths.media/content/wowproductimages/medium/099800.jpg",
    "price": 9.8,
    "quantity": 0.4,
    "unitPrice": 24.5
  },
  {
    "name": "Lucky Natural Seed Mix With Pine Nuts",
    "url": "https://www.woolworths.com.au/shop/productdetails/247368",
    "img": "https://cdn0.woolworths.media/content/wowproductimages/medium/247368.jpg",
    "price": 4.9,
    "quantity": 0.2,
    "unitPrice": 24.5
  },
  {
    "name": "John West Wild Brisling Sardines In Extra Virgin Olive Oil",
    "url": "https://www.woolworths.com.au/shop/productdetails/34947",
    "img": "https://cdn0.woolworths.media/content/wowproductimages/medium/034947.jpg",
    "price": 2.7,
    "quantity": 0.11,
    "unitPrice": 24.55
  },
  {
    "name": "John West Wild Brisling Sardines In Tomato Sauce",
    "url": "https://www.woolworths.com.au/shop/productdetails/34980",
    "img": "https://cdn0.woolworths.media/content/wowproductimages/medium/034980.jpg",
    "price": 2.7,
    "quantity": 0.11,
    "unitPrice": 24.55
  },
  {
    "name": "John West Wild Brisling Sardines In Springwater",
    "url": "https://www.woolworths.com.au/shop/productdetails/98523",
    "img": "https://cdn0.woolworths.media/content/wowproductimages/medium/098523.jpg",
    "price": 2.7,
    "quantity": 0.11,
    "unitPrice": 24.55
  },
  {
    "name": "John West Wild Brisling Sardines With Lemon Garlic & Chilli",
    "url": "https://www.woolworths.com.au/shop/productdetails/549096",
    "img": "https://cdn0.woolworths.media/content/wowproductimages/medium/549096.jpg",
    "price": 2.7,
    "quantity": 0.11,
    "unitPrice": 24.55
  },
  {
    "name": "Rana Ricotta & Spinach Tortellini Pasta",
    "url": "https://www.woolworths.com.au/shop/productdetails/810774",
    "img": "https://cdn0.woolworths.media/content/wowproductimages/medium/810774.jpg",
    "price": 8,
    "quantity": 0.325,
    "unitPrice": 24.6
  },
  {
    "name": "Rana Basil & Pine Nuts Tortellini Pasta",
    "url": "https://www.woolworths.com.au/shop/productdetails/28325",
    "img": "https://cdn0.woolworths.media/content/wowproductimages/medium/028325.jpg",
    "price": 8,
    "quantity": 0.325,
    "unitPrice": 24.6
  },
  {
    "name": "Rana Pumpkin & Onion Ravioli Pasta",
    "url": "https://www.woolworths.com.au/shop/productdetails/810775",
    "img": "https://cdn0.woolworths.media/content/wowproductimages/medium/810775.jpg",
    "price": 8,
    "quantity": 0.325,
    "unitPrice": 24.6
  },
  {
    "name": "Rana Porcini Mushroom Ravioli Pasta",
    "url": "https://www.woolworths.com.au/shop/productdetails/810868",
    "img": "https://cdn0.woolworths.media/content/wowproductimages/medium/810868.jpg",
    "price": 8,
    "quantity": 0.325,
    "unitPrice": 24.6
  },
  {
    "name": "Kellogg's Froot Loops Breakfast Cereal",
    "url": "https://www.woolworths.com.au/shop/productdetails/701718",
    "img": "https://cdn0.woolworths.media/content/wowproductimages/medium/701718.jpg",
    "price": 7,
    "quantity": 0.285,
    "unitPrice": 24.6
  },
  {
    "name": "Natural Cashews",
    "url": "https://www.coles.com.au/product/coles-natural-cashews-150g-2896095",
    "img": "https://productimages.coles.com.au/productimages/2/2896095.jpg",
    "price": 3.7,
    "quantity": 0.15,
    "unitPrice": 24.67
  },
  {
    "name": "Woolworths Cashews",
    "url": "https://www.woolworths.com.au/shop/productdetails/726352",
    "img": "https://cdn0.woolworths.media/content/wowproductimages/medium/726352.jpg",
    "price": 3.7,
    "quantity": 0.15,
    "unitPrice": 24.67
  },
  {
    "name": "Steak & Kidney Pie with Puff Pastry",
    "url": "https://www.coles.com.au/product/fray-bentos-steak-&-kidney-pie-with-puff-pastry-425g-243498",
    "img": "https://productimages.coles.com.au/productimages/2/243498.jpg",
    "price": 10.5,
    "quantity": 0.425,
    "unitPrice": 24.71
  },
  {
    "name": "Sunsweet Prunes Pitted",
    "url": "https://www.woolworths.com.au/shop/productdetails/259201",
    "img": "https://cdn0.woolworths.media/content/wowproductimages/medium/259201.jpg",
    "price": 4.95,
    "quantity": 0.2,
    "unitPrice": 24.75
  },
  {
    "name": "Roasted Sesame",
    "url": "https://www.coles.com.au/product/kewpie-japanese-dressing-roasted-sesame-210ml-2000544",
    "img": "https://productimages.coles.com.au/productimages/2/2000544.jpg",
    "price": 5.2,
    "quantity": 0.21,
    "unitPrice": 24.8
  },
  {
    "name": "Sesame Soy Sauce",
    "url": "https://www.coles.com.au/product/kewpie-japanese-dressing-sesame-soy-sauce-210ml-2000555",
    "img": "https://productimages.coles.com.au/productimages/2/2000555.jpg",
    "price": 5.2,
    "quantity": 0.21,
    "unitPrice": 24.8
  },
  {
    "name": "Wallaby Bread Improver",
    "url": "https://www.woolworths.com.au/shop/productdetails/349621",
    "img": "https://cdn0.woolworths.media/content/wowproductimages/medium/349621.jpg",
    "price": 3.1,
    "quantity": 0.125,
    "unitPrice": 24.8
  },
  {
    "name": "Leg Ham",
    "url": "https://www.coles.com.au/product/plumrose-leg-ham-450g-118565",
    "img": "https://productimages.coles.com.au/productimages/1/118565.jpg",
    "price": 11.2,
    "quantity": 0.45,
    "unitPrice": 24.89
  },
  {
    "name": "Emporium Selection Double Cream Camembert",
    "url": "https://www.aldi.com.au/en/groceries/fresh-produce/dairy-eggs/dairy-eggs-detail/ps/p/emporium-selection-double-cream-camembert-200g-7/",
    "img": "https://www.aldi.com.au/fileadmin/_processed_/b/8/csm_ALN2364_AWARDS_CHEESE_1x1_228x128_2_1144bfa615.jpg",
    "price": 4.99,
    "quantity": 0.2,
    "unitPrice": 24.95
  },
  {
    "name": "Emporium Selection Triple Cream Brie",
    "url": "https://www.aldi.com.au/en/groceries/fresh-produce/dairy-eggs/dairy-eggs-detail/ps/p/emporium-selection-triple-cream-brie-200g-7/",
    "img": "https://www.aldi.com.au/fileadmin/_processed_/9/5/csm_ALN2364_AWARDS_CHEESE_1x1_228x128_3_c81c34a3e7.jpg",
    "price": 4.99,
    "quantity": 0.2,
    "unitPrice": 24.95
  },
  {
    "name": "Natural Walnuts",
    "url": "https://www.coles.com.au/product/coles-natural-walnuts-approx.-100g-8412668",
    "img": "https://productimages.coles.com.au/productimages/8/8412668.jpg",
    "price": 2.5,
    "quantity": 0.1,
    "unitPrice": 25
  },
  {
    "name": "Lettuce Spinach",
    "url": "https://www.coles.com.au/product/coles-lettuce-spinach-120g-1499340",
    "img": "https://productimages.coles.com.au/productimages/1/1499340.jpg",
    "price": 3,
    "quantity": 0.12,
    "unitPrice": 25
  },
  {
    "name": "Lettuce Baby Rocket",
    "url": "https://www.coles.com.au/product/coles-lettuce-baby-rocket-120g-1499475",
    "img": "https://productimages.coles.com.au/productimages/1/1499475.jpg",
    "price": 3,
    "quantity": 0.12,
    "unitPrice": 25
  },
  {
    "name": "Salad Baby Leaf Spinach & Rocket",
    "url": "https://www.coles.com.au/product/coles-salad-baby-leaf-spinach-&-rocket-120g-each-5464290",
    "img": "https://productimages.coles.com.au/productimages/5/5464290.jpg",
    "price": 3,
    "quantity": 0.12,
    "unitPrice": 25
  },
  {
    "name": "Dried Mango Slices",
    "url": "https://www.coles.com.au/product/coles-dried-mango-slices-approx.-100g-1944206",
    "img": "https://productimages.coles.com.au/productimages/1/1944206.jpg",
    "price": 2.5,
    "quantity": 0.1,
    "unitPrice": 25
  },
  {
    "name": "Cashew & Soy Crisps Mix",
    "url": "https://www.coles.com.au/product/coles-cashew-&-soy-crisps-mix-approx.-100g-1958018",
    "img": "https://productimages.coles.com.au/productimages/1/1958018.jpg",
    "price": 2.5,
    "quantity": 0.1,
    "unitPrice": 25
  },
  {
    "name": "Nougat Supreme",
    "url": "https://www.coles.com.au/product/coles-nougat-supreme-approx.-100g-2349650",
    "img": "https://productimages.coles.com.au/productimages/2/2349650.jpg",
    "price": 2.5,
    "quantity": 0.1,
    "unitPrice": 25
  },
  {
    "name": "Yoghurt Cranberry",
    "url": "https://www.coles.com.au/product/coles-yoghurt-cranberry-approx.-100g-3020026",
    "img": "https://productimages.coles.com.au/productimages/3/3020026.jpg",
    "price": 2.5,
    "quantity": 0.1,
    "unitPrice": 25
  },
  {
    "name": "Peanut Butter Pretzels",
    "url": "https://www.coles.com.au/product/coles-peanut-butter-pretzels-approx.-100g-3198458",
    "img": "https://productimages.coles.com.au/productimages/3/3198458.jpg",
    "price": 2.5,
    "quantity": 0.1,
    "unitPrice": 25
  },
  {
    "name": "Sugared Giant Strawberries",
    "url": "https://www.coles.com.au/product/coles-sugared-giant-strawberries-approx.-100g-3769821",
    "img": "https://productimages.coles.com.au/productimages/3/3769821.jpg",
    "price": 2.5,
    "quantity": 0.1,
    "unitPrice": 25
  },
  {
    "name": "Giant Sour Cola Bottles",
    "url": "https://www.coles.com.au/product/coles-giant-sour-cola-bottles-approx.-100g-3769876",
    "img": "https://productimages.coles.com.au/productimages/3/3769876.jpg",
    "price": 2.5,
    "quantity": 0.1,
    "unitPrice": 25
  },
  {
    "name": "Strawberry Dream",
    "url": "https://www.coles.com.au/product/coles-strawberry-dream-approx.-100g-3769901",
    "img": "https://productimages.coles.com.au/productimages/3/3769901.jpg",
    "price": 2.5,
    "quantity": 0.1,
    "unitPrice": 25
  },
  {
    "name": "Jersey Caramels Fudge",
    "url": "https://www.coles.com.au/product/coles-jersey-caramels-fudge-approx.-100g-3770026",
    "img": "https://productimages.coles.com.au/productimages/3/3770026.jpg",
    "price": 2.5,
    "quantity": 0.1,
    "unitPrice": 25
  },
  {
    "name": "Speckles",
    "url": "https://www.coles.com.au/product/coles-speckles-approx.-100g-3770059",
    "img": "https://productimages.coles.com.au/productimages/3/3770059.jpg",
    "price": 2.5,
    "quantity": 0.1,
    "unitPrice": 25
  },
  {
    "name": "Lettuce Spinach",
    "url": "https://www.coles.com.au/product/coles-lettuce-spinach-120g-1499340",
    "img": "https://productimages.coles.com.au/productimages/1/1499340.jpg",
    "price": 3,
    "quantity": 0.12,
    "unitPrice": 25
  },
  {
    "name": "Lettuce Baby Rocket",
    "url": "https://www.coles.com.au/product/coles-lettuce-baby-rocket-120g-1499475",
    "img": "https://productimages.coles.com.au/productimages/1/1499475.jpg",
    "price": 3,
    "quantity": 0.12,
    "unitPrice": 25
  },
  {
    "name": "Salad Baby Leaf Spinach & Rocket",
    "url": "https://www.coles.com.au/product/coles-salad-baby-leaf-spinach-&-rocket-120g-each-5464290",
    "img": "https://productimages.coles.com.au/productimages/5/5464290.jpg",
    "price": 3,
    "quantity": 0.12,
    "unitPrice": 25
  },
  {
    "name": "Dried Mango Slices",
    "url": "https://www.coles.com.au/product/coles-dried-mango-slices-approx.-100g-1944206",
    "img": "https://productimages.coles.com.au/productimages/1/1944206.jpg",
    "price": 2.5,
    "quantity": 0.1,
    "unitPrice": 25
  },
  {
    "name": "Cashew & Soy Crisps Mix",
    "url": "https://www.coles.com.au/product/coles-cashew-&-soy-crisps-mix-approx.-100g-1958018",
    "img": "https://productimages.coles.com.au/productimages/1/1958018.jpg",
    "price": 2.5,
    "quantity": 0.1,
    "unitPrice": 25
  },
  {
    "name": "Nougat Supreme",
    "url": "https://www.coles.com.au/product/coles-nougat-supreme-approx.-100g-2349650",
    "img": "https://productimages.coles.com.au/productimages/2/2349650.jpg",
    "price": 2.5,
    "quantity": 0.1,
    "unitPrice": 25
  },
  {
    "name": "Yoghurt Cranberry",
    "url": "https://www.coles.com.au/product/coles-yoghurt-cranberry-approx.-100g-3020026",
    "img": "https://productimages.coles.com.au/productimages/3/3020026.jpg",
    "price": 2.5,
    "quantity": 0.1,
    "unitPrice": 25
  },
  {
    "name": "Peanut Butter Pretzels",
    "url": "https://www.coles.com.au/product/coles-peanut-butter-pretzels-approx.-100g-3198458",
    "img": "https://productimages.coles.com.au/productimages/3/3198458.jpg",
    "price": 2.5,
    "quantity": 0.1,
    "unitPrice": 25
  },
  {
    "name": "Sugared Giant Strawberries",
    "url": "https://www.coles.com.au/product/coles-sugared-giant-strawberries-approx.-100g-3769821",
    "img": "https://productimages.coles.com.au/productimages/3/3769821.jpg",
    "price": 2.5,
    "quantity": 0.1,
    "unitPrice": 25
  },
  {
    "name": "Giant Sour Cola Bottles",
    "url": "https://www.coles.com.au/product/coles-giant-sour-cola-bottles-approx.-100g-3769876",
    "img": "https://productimages.coles.com.au/productimages/3/3769876.jpg",
    "price": 2.5,
    "quantity": 0.1,
    "unitPrice": 25
  },
  {
    "name": "Strawberry Dream",
    "url": "https://www.coles.com.au/product/coles-strawberry-dream-approx.-100g-3769901",
    "img": "https://productimages.coles.com.au/productimages/3/3769901.jpg",
    "price": 2.5,
    "quantity": 0.1,
    "unitPrice": 25
  },
  {
    "name": "Jersey Caramels Fudge",
    "url": "https://www.coles.com.au/product/coles-jersey-caramels-fudge-approx.-100g-3770026",
    "img": "https://productimages.coles.com.au/productimages/3/3770026.jpg",
    "price": 2.5,
    "quantity": 0.1,
    "unitPrice": 25
  },
  {
    "name": "Speckles",
    "url": "https://www.coles.com.au/product/coles-speckles-approx.-100g-3770059",
    "img": "https://productimages.coles.com.au/productimages/3/3770059.jpg",
    "price": 2.5,
    "quantity": 0.1,
    "unitPrice": 25
  },
  {
    "name": "Sherbert Fizzies",
    "url": "https://www.coles.com.au/product/coles-sherbert-fizzies-approx.-100g-3770219",
    "img": "https://productimages.coles.com.au/productimages/3/3770219.jpg",
    "price": 2.5,
    "quantity": 0.1,
    "unitPrice": 25
  },
  {
    "name": "Black Sesame Crackers",
    "url": "https://www.coles.com.au/product/coles-black-sesame-crackers-approx.-100g-3917055",
    "img": "https://productimages.coles.com.au/productimages/3/3917055.jpg",
    "price": 2.5,
    "quantity": 0.1,
    "unitPrice": 25
  },
  {
    "name": "Dried Dates",
    "url": "https://www.coles.com.au/product/coles-dried-dates-approx.-100g-8412307",
    "img": "https://productimages.coles.com.au/productimages/8/8412307.jpg",
    "price": 2.5,
    "quantity": 0.1,
    "unitPrice": 25
  },
  {
    "name": "Superboost",
    "url": "https://www.coles.com.au/product/coles-superboost-approx.-100g-9918356",
    "img": "https://productimages.coles.com.au/productimages/9/9918356.jpg",
    "price": 2.5,
    "quantity": 0.1,
    "unitPrice": 25
  },
  {
    "name": "Split Green Olives",
    "url": "https://www.coles.com.au/product/coles-split-green-olives-approx.-100g-3067008",
    "img": "https://productimages.coles.com.au/productimages/3/3067008.jpg",
    "price": 2.5,
    "quantity": 0.1,
    "unitPrice": 25
  },
  {
    "name": "Mount Ash Pansize Bacon",
    "url": "https://www.coles.com.au/product/primo-mount-ash-pansize-bacon-approx.-125g-4304200",
    "img": "https://productimages.coles.com.au/productimages/4/4304200.jpg",
    "price": 3.12,
    "quantity": 0.125,
    "unitPrice": 25
  },
  {
    "name": "Antipasto Mix",
    "url": "https://www.coles.com.au/product/coles-deli--antipasto-mix-approx.-100g-5139540",
    "img": "https://productimages.coles.com.au/productimages/5/5139540.jpg",
    "price": 2.5,
    "quantity": 0.1,
    "unitPrice": 25
  },
  {
    "name": "Dark Chocolate Baking Chips",
    "url": "https://www.coles.com.au/product/cadbury-dark-chocolate-baking-chips-200g-2313608",
    "img": "https://productimages.coles.com.au/productimages/2/2313608.jpg",
    "price": 5,
    "quantity": 0.2,
    "unitPrice": 25
  },
  {
    "name": "White Chocolate Baking Chips",
    "url": "https://www.coles.com.au/product/cadbury-white-chocolate-baking-chips-200g-2313619",
    "img": "https://productimages.coles.com.au/productimages/2/2313619.jpg",
    "price": 5,
    "quantity": 0.2,
    "unitPrice": 25
  },
  {
    "name": "Milk Chocolate Baking Chips",
    "url": "https://www.coles.com.au/product/cadbury-milk-chocolate-baking-chips-200g-2313620",
    "img": "https://productimages.coles.com.au/productimages/2/2313620.jpg",
    "price": 5,
    "quantity": 0.2,
    "unitPrice": 25
  },
  {
    "name": "Black Chia Mix",
    "url": "https://www.coles.com.au/product/coles-black-chia-mix-200g-3337270",
    "img": "https://productimages.coles.com.au/productimages/3/3337270.jpg",
    "price": 5,
    "quantity": 0.2,
    "unitPrice": 25
  },
  {
    "name": "Premium Peach",
    "url": "https://www.coles.com.au/product/coles-premium-peach-200g-3571744",
    "img": "https://productimages.coles.com.au/productimages/3/3571744.jpg",
    "price": 5,
    "quantity": 0.2,
    "unitPrice": 25
  },
  {
    "name": "Premium Pineapple Pieces",
    "url": "https://www.coles.com.au/product/coles-premium-pineapple-pieces-200g-5466015",
    "img": "https://productimages.coles.com.au/productimages/5/5466015.jpg",
    "price": 5,
    "quantity": 0.2,
    "unitPrice": 25
  },
  {
    "name": "Egg Replacer No Egg ",
    "url": "https://www.coles.com.au/product/orgran-egg-replacer-no-egg--200g-5477204",
    "img": "https://productimages.coles.com.au/productimages/5/5477204.jpg",
    "price": 5,
    "quantity": 0.2,
    "unitPrice": 25
  },
  {
    "name": "99% Sugar Free Fudgy Brownies Mix",
    "url": "https://www.coles.com.au/product/noshu-99%-sugar-free-fudgy-brownies-mix-300g-3660390",
    "img": "https://productimages.coles.com.au/productimages/3/3660390.jpg",
    "price": 7.5,
    "quantity": 0.3,
    "unitPrice": 25
  },
  {
    "name": "98% Sugar Free Choc Chip Cookies Mix",
    "url": "https://www.coles.com.au/product/noshu-98%-sugar-free-choc-chip-cookies-mix-300g-3660436",
    "img": "https://productimages.coles.com.au/productimages/3/3660436.jpg",
    "price": 7.5,
    "quantity": 0.3,
    "unitPrice": 25
  },
  {
    "name": "Portuguese Style Sardines In Extra Virgin Olive Oil",
    "url": "https://www.coles.com.au/product/sole-mare-portuguese-style-sardines-in-extra-virgin-olive-oil-120g-3310977",
    "img": "https://productimages.coles.com.au/productimages/3/3310977.jpg",
    "price": 3,
    "quantity": 0.12,
    "unitPrice": 25
  },
  {
    "name": "Premium Skinless Boneless Salmon",
    "url": "https://www.coles.com.au/product/safcol-premium-skinless-boneless-salmon-200g-5122424",
    "img": "https://productimages.coles.com.au/productimages/5/5122424.jpg",
    "price": 5,
    "quantity": 0.2,
    "unitPrice": 25
  },
  {
    "name": "Original Liquid Seasoning",
    "url": "https://www.coles.com.au/product/maggi-original-liquid-seasoning-200ml-394041",
    "img": "https://productimages.coles.com.au/productimages/3/394041.jpg",
    "price": 5,
    "quantity": 0.2,
    "unitPrice": 25
  },
  {
    "name": "Onion Salt",
    "url": "https://www.coles.com.au/product/masterfoods-onion-salt-178g-8566297",
    "img": "https://productimages.coles.com.au/productimages/8/8566297.jpg",
    "price": 4.5,
    "quantity": 0.178,
    "unitPrice": 25
  },
  {
    "name": "Green Curry Paste",
    "url": "https://www.coles.com.au/product/mae-ploy-green-curry-paste-50g-5253568",
    "img": "https://productimages.coles.com.au/productimages/5/5253568.jpg",
    "price": 1.25,
    "quantity": 0.05,
    "unitPrice": 25
  },
  {
    "name": "R & S Mix Bombay Biryani",
    "url": "https://www.coles.com.au/product/shan-r-&-s-mix-bombay-biryani-60g-2154741",
    "img": "https://productimages.coles.com.au/productimages/2/2154741.jpg",
    "price": 1.5,
    "quantity": 0.06,
    "unitPrice": 25
  },
  {
    "name": "Chicken Biryani",
    "url": "https://www.coles.com.au/product/shan-chicken-biryani-60g-2154752",
    "img": "https://productimages.coles.com.au/productimages/2/2154752.jpg",
    "price": 1.5,
    "quantity": 0.06,
    "unitPrice": 25
  },
  {
    "name": "Stock Beef",
    "url": "https://www.coles.com.au/product/vegeta-stock-beef-180g-2379264",
    "img": "https://productimages.coles.com.au/productimages/2/2379264.jpg",
    "price": 4.5,
    "quantity": 0.18,
    "unitPrice": 25
  },
  {
    "name": "Frozen Petite Quiche Lorraine's 18 pack",
    "url": "https://www.coles.com.au/product/temptation-frozen-petite-quiche-lorraine's-18-pack-300g-6941191",
    "img": "https://productimages.coles.com.au/productimages/6/6941191.jpg",
    "price": 7.5,
    "quantity": 0.3,
    "unitPrice": 25
  },
  {
    "name": "Cookies & Creme Sticks 4Pack",
    "url": "https://www.coles.com.au/product/hershey's-cookies-&-creme-sticks-4pack-360ml-3407300",
    "img": "https://productimages.coles.com.au/productimages/3/3407300.jpg",
    "price": 9,
    "quantity": 0.36,
    "unitPrice": 25
  },
  {
    "name": "Twin Pack Peanut Butter & Chocolate 4 Pack",
    "url": "https://www.coles.com.au/product/reese's-twin-pack-peanut-butter-&-chocolate-4-pack-360ml-6277787",
    "img": "https://productimages.coles.com.au/productimages/6/6277787.jpg",
    "price": 9,
    "quantity": 0.36,
    "unitPrice": 25
  },
  {
    "name": "IM Free From Chicken Tenders",
    "url": "https://www.coles.com.au/product/coles-im-free-from-chicken-tenders-400g-1309060",
    "img": "https://productimages.coles.com.au/productimages/1/1309060.jpg",
    "price": 10,
    "quantity": 0.4,
    "unitPrice": 25
  },
  {
    "name": "Frozen Shanghai Pork Dumplings",
    "url": "https://www.coles.com.au/product/hanabi-frozen-shanghai-pork-dumplings-400g-2143337",
    "img": "https://productimages.coles.com.au/productimages/2/2143337.jpg",
    "price": 10,
    "quantity": 0.4,
    "unitPrice": 25
  },
  {
    "name": "Sugar Free Ice Cream Lil Nadas Chocolate & Vanilla 4 Pack",
    "url": "https://www.coles.com.au/product/denada-sugar-free-ice-cream-lil-nadas-chocolate-&-vanilla-4-pack-400ml-5482747",
    "img": "https://productimages.coles.com.au/productimages/5/5482747.jpg",
    "price": 10,
    "quantity": 0.4,
    "unitPrice": 25
  },
  {
    "name": "Loaded Chicken Parma Pie 2 pack",
    "url": "https://www.coles.com.au/product/mrs-macs-loaded-chicken-parma-pie-2-pack-400g-6514394",
    "img": "https://productimages.coles.com.au/productimages/6/6514394.jpg",
    "price": 10,
    "quantity": 0.4,
    "unitPrice": 25
  },
  {
    "name": "Loaded Roast Of The Day Pie 2 Pack",
    "url": "https://www.coles.com.au/product/mrs-macs-loaded-roast-of-the-day-pie-2-pack-400g-6514408",
    "img": "https://productimages.coles.com.au/productimages/6/6514408.jpg",
    "price": 10,
    "quantity": 0.4,
    "unitPrice": 25
  },
  {
    "name": "Frozen Pork Potstickers",
    "url": "https://www.coles.com.au/product/hanabi-frozen-pork-potstickers-500g-2214606",
    "img": "https://productimages.coles.com.au/productimages/2/2214606.jpg",
    "price": 12.5,
    "quantity": 0.5,
    "unitPrice": 25
  },
  {
    "name": "Bao Buns",
    "url": "https://www.coles.com.au/product/mr-chen's-bao-buns-640g-5287810",
    "img": "https://productimages.coles.com.au/productimages/5/5287810.jpg",
    "price": 16,
    "quantity": 0.64,
    "unitPrice": 25
  },
  {
    "name": "Frozen Petite Quiche Lorraine's 18 pack",
    "url": "https://www.coles.com.au/product/temptation-frozen-petite-quiche-lorraine's-18-pack-300g-6941191",
    "img": "https://productimages.coles.com.au/productimages/6/6941191.jpg",
    "price": 7.5,
    "quantity": 0.3,
    "unitPrice": 25
  },
  {
    "name": "Cookies & Creme Sticks 4Pack",
    "url": "https://www.coles.com.au/product/hershey's-cookies-&-creme-sticks-4pack-360ml-3407300",
    "img": "https://productimages.coles.com.au/productimages/3/3407300.jpg",
    "price": 9,
    "quantity": 0.36,
    "unitPrice": 25
  },
  {
    "name": "Twin Pack Peanut Butter & Chocolate 4 Pack",
    "url": "https://www.coles.com.au/product/reese's-twin-pack-peanut-butter-&-chocolate-4-pack-360ml-6277787",
    "img": "https://productimages.coles.com.au/productimages/6/6277787.jpg",
    "price": 9,
    "quantity": 0.36,
    "unitPrice": 25
  },
  {
    "name": "IM Free From Chicken Tenders",
    "url": "https://www.coles.com.au/product/coles-im-free-from-chicken-tenders-400g-1309060",
    "img": "https://productimages.coles.com.au/productimages/1/1309060.jpg",
    "price": 10,
    "quantity": 0.4,
    "unitPrice": 25
  },
  {
    "name": "Frozen Shanghai Pork Dumplings",
    "url": "https://www.coles.com.au/product/hanabi-frozen-shanghai-pork-dumplings-400g-2143337",
    "img": "https://productimages.coles.com.au/productimages/2/2143337.jpg",
    "price": 10,
    "quantity": 0.4,
    "unitPrice": 25
  },
  {
    "name": "Sugar Free Ice Cream Lil Nadas Chocolate & Vanilla 4 Pack",
    "url": "https://www.coles.com.au/product/denada-sugar-free-ice-cream-lil-nadas-chocolate-&-vanilla-4-pack-400ml-5482747",
    "img": "https://productimages.coles.com.au/productimages/5/5482747.jpg",
    "price": 10,
    "quantity": 0.4,
    "unitPrice": 25
  },
  {
    "name": "Loaded Chicken Parma Pie 2 pack",
    "url": "https://www.coles.com.au/product/mrs-macs-loaded-chicken-parma-pie-2-pack-400g-6514394",
    "img": "https://productimages.coles.com.au/productimages/6/6514394.jpg",
    "price": 10,
    "quantity": 0.4,
    "unitPrice": 25
  },
  {
    "name": "Loaded Roast Of The Day Pie 2 Pack",
    "url": "https://www.coles.com.au/product/mrs-macs-loaded-roast-of-the-day-pie-2-pack-400g-6514408",
    "img": "https://productimages.coles.com.au/productimages/6/6514408.jpg",
    "price": 10,
    "quantity": 0.4,
    "unitPrice": 25
  },
  {
    "name": "Frozen Pork Potstickers",
    "url": "https://www.coles.com.au/product/hanabi-frozen-pork-potstickers-500g-2214606",
    "img": "https://productimages.coles.com.au/productimages/2/2214606.jpg",
    "price": 12.5,
    "quantity": 0.5,
    "unitPrice": 25
  },
  {
    "name": "Bao Buns",
    "url": "https://www.coles.com.au/product/mr-chen's-bao-buns-640g-5287810",
    "img": "https://productimages.coles.com.au/productimages/5/5287810.jpg",
    "price": 16,
    "quantity": 0.64,
    "unitPrice": 25
  },
  {
    "name": "Sole Mare Portuguese Style Sardines",
    "url": "https://www.woolworths.com.au/shop/productdetails/67504",
    "img": "https://cdn0.woolworths.media/content/wowproductimages/medium/067504.jpg",
    "price": 3,
    "quantity": 0.12,
    "unitPrice": 25
  },
  {
    "name": "Safcol Salmon Premium",
    "url": "https://www.woolworths.com.au/shop/productdetails/78630",
    "img": "https://cdn0.woolworths.media/content/wowproductimages/medium/078630.jpg",
    "price": 5,
    "quantity": 0.2,
    "unitPrice": 25
  },
  {
    "name": "Woolworths Smoked Sprats In Oil",
    "url": "https://www.woolworths.com.au/shop/productdetails/129035",
    "img": "https://cdn0.woolworths.media/content/wowproductimages/medium/129035.jpg",
    "price": 3,
    "quantity": 0.12,
    "unitPrice": 25
  },
  {
    "name": "Sole Mare Portuguese Style Sardines In Tomato Sauce",
    "url": "https://www.woolworths.com.au/shop/productdetails/65889",
    "img": "https://cdn0.woolworths.media/content/wowproductimages/medium/065889.jpg",
    "price": 3,
    "quantity": 0.12,
    "unitPrice": 25
  },
  {
    "name": "Woolworths Smoked Sprats In Oil With Chilli",
    "url": "https://www.woolworths.com.au/shop/productdetails/129036",
    "img": "https://cdn0.woolworths.media/content/wowproductimages/medium/129036.jpg",
    "price": 3,
    "quantity": 0.12,
    "unitPrice": 25
  },
  {
    "name": "President Butter Salted",
    "url": "https://www.woolworths.com.au/shop/productdetails/84267",
    "img": "https://cdn0.woolworths.media/content/wowproductimages/medium/084267.jpg",
    "price": 5,
    "quantity": 0.2,
    "unitPrice": 25
  },
  {
    "name": "President Butter Unsalted",
    "url": "https://www.woolworths.com.au/shop/productdetails/83334",
    "img": "https://cdn0.woolworths.media/content/wowproductimages/medium/083334.jpg",
    "price": 5,
    "quantity": 0.2,
    "unitPrice": 25
  },
  {
    "name": "Chang's Sesame Oil",
    "url": "https://www.woolworths.com.au/shop/productdetails/92420",
    "img": "https://cdn0.woolworths.media/content/wowproductimages/medium/092420.jpg",
    "price": 7,
    "quantity": 0.28,
    "unitPrice": 25
  },
  {
    "name": "Trident Instant Soup Thai Tom Yum Goong With Noodle",
    "url": "https://www.woolworths.com.au/shop/productdetails/91922",
    "img": "https://cdn0.woolworths.media/content/wowproductimages/medium/091922.jpg",
    "price": 1.25,
    "quantity": 0.05,
    "unitPrice": 25
  },
  {
    "name": "Trident Instant Soup Thai Chicken With Noodles",
    "url": "https://www.woolworths.com.au/shop/productdetails/91920",
    "img": "https://cdn0.woolworths.media/content/wowproductimages/medium/091920.jpg",
    "price": 1.25,
    "quantity": 0.05,
    "unitPrice": 25
  },
  {
    "name": "Trident Hot & Spicy Flavour Thai With Noodles Soup",
    "url": "https://www.woolworths.com.au/shop/productdetails/11887",
    "img": "https://cdn0.woolworths.media/content/wowproductimages/medium/011887.jpg",
    "price": 1.25,
    "quantity": 0.05,
    "unitPrice": 25
  },
  {
    "name": "Trident Laksa Flavour Thai Noodle Soup",
    "url": "https://www.woolworths.com.au/shop/productdetails/114000",
    "img": "https://cdn0.woolworths.media/content/wowproductimages/medium/114000.jpg",
    "price": 1.25,
    "quantity": 0.05,
    "unitPrice": 25
  },
  {
    "name": "Trident Miso Flavour Noodle Soup",
    "url": "https://www.woolworths.com.au/shop/productdetails/278497",
    "img": "https://cdn0.woolworths.media/content/wowproductimages/medium/278497.jpg",
    "price": 1.25,
    "quantity": 0.05,
    "unitPrice": 25
  },
  {
    "name": "Home Chef Spinach & Feta Quiche Chilled Meal",
    "url": "https://www.woolworths.com.au/shop/productdetails/581055",
    "img": "https://cdn0.woolworths.media/content/wowproductimages/medium/581055.jpg",
    "price": 5,
    "quantity": 0.2,
    "unitPrice": 25
  },
  {
    "name": "Miguel Maestre Basque Burnt Cheesecake",
    "url": "https://www.woolworths.com.au/shop/productdetails/206059",
    "img": "https://cdn0.woolworths.media/content/wowproductimages/medium/206059.jpg",
    "price": 25,
    "quantity": 1,
    "unitPrice": 25
  },
  {
    "name": "Woolworths Cook Cauliflower Broccoli & Carrot With Herb Butter",
    "url": "https://www.woolworths.com.au/shop/productdetails/583617",
    "img": "https://cdn0.woolworths.media/content/wowproductimages/medium/583617.jpg",
    "price": 5,
    "quantity": 0.2,
    "unitPrice": 25
  },
  {
    "name": "Chobani Flip Greek Yogurt Cookies & Cream Crunch",
    "url": "https://www.woolworths.com.au/shop/productdetails/687630",
    "img": "https://cdn0.woolworths.media/content/wowproductimages/medium/687630.jpg",
    "price": 3.5,
    "quantity": 0.14,
    "unitPrice": 25
  },
  {
    "name": "Chobani Flip Greek Yogurt Strawberry Shortcake",
    "url": "https://www.woolworths.com.au/shop/productdetails/687605",
    "img": "https://cdn0.woolworths.media/content/wowproductimages/medium/687605.jpg",
    "price": 3.5,
    "quantity": 0.14,
    "unitPrice": 25
  },
  {
    "name": "Chobani Flip Greek Yogurt Mint Choc Chip",
    "url": "https://www.woolworths.com.au/shop/productdetails/611904",
    "img": "https://cdn0.woolworths.media/content/wowproductimages/medium/611904.jpg",
    "price": 3.5,
    "quantity": 0.14,
    "unitPrice": 25
  },
  {
    "name": "Chobani Flip Greek Yogurt Almond Coco Loco",
    "url": "https://www.woolworths.com.au/shop/productdetails/611783",
    "img": "https://cdn0.woolworths.media/content/wowproductimages/medium/611783.jpg",
    "price": 3.5,
    "quantity": 0.14,
    "unitPrice": 25
  },
  {
    "name": "Chobani Flip Greek Yogurt Triple Choc Brownie",
    "url": "https://www.woolworths.com.au/shop/productdetails/267425",
    "img": "https://cdn0.woolworths.media/content/wowproductimages/medium/267425.jpg",
    "price": 3.5,
    "quantity": 0.14,
    "unitPrice": 25
  },
  {
    "name": "Chobani Flip Greek Yogurt Gran's Apple Crumble",
    "url": "https://www.woolworths.com.au/shop/productdetails/267143",
    "img": "https://cdn0.woolworths.media/content/wowproductimages/medium/267143.jpg",
    "price": 3.5,
    "quantity": 0.14,
    "unitPrice": 25
  },
  {
    "name": "Woolworths Chinese Bbq Pork From The Deli",
    "url": "https://www.woolworths.com.au/shop/productdetails/659932",
    "img": "https://cdn0.woolworths.media/content/wowproductimages/medium/659932.jpg",
    "price": 25,
    "quantity": 1,
    "unitPrice": 25
  },
  {
    "name": "Woolworths",
    "url": "https://www.woolworths.com.au/shop/productdetails/317306",
    "img": "https://cdn0.woolworths.media/content/wowproductimages/medium/317306.jpg",
    "price": 10,
    "quantity": 0.4,
    "unitPrice": 25
  },
  {
    "name": "K-roo Kangaroo Steak",
    "url": "https://www.woolworths.com.au/shop/productdetails/132996",
    "img": "https://cdn0.woolworths.media/content/wowproductimages/medium/132996.jpg",
    "price": 15,
    "quantity": 0.6,
    "unitPrice": 25
  },
  {
    "name": "K-roo Kangaroo Steak Marinated",
    "url": "https://www.woolworths.com.au/shop/productdetails/117132",
    "img": "https://cdn0.woolworths.media/content/wowproductimages/medium/117132.jpg",
    "price": 15,
    "quantity": 0.6,
    "unitPrice": 25
  },
  {
    "name": "Woolworths Beef Short Ribs With Pitmaster Rub",
    "url": "https://www.woolworths.com.au/shop/productdetails/317385",
    "img": "https://cdn0.woolworths.media/content/wowproductimages/medium/317385.jpg",
    "price": 38.75,
    "quantity": 1.55,
    "unitPrice": 25
  },
  {
    "name": "Masterfoods Finely Chopped Ginger",
    "url": "https://www.woolworths.com.au/shop/productdetails/9185",
    "img": "https://cdn0.woolworths.media/content/wowproductimages/medium/009185.jpg",
    "price": 4,
    "quantity": 0.16,
    "unitPrice": 25
  },
  {
    "name": "Masterfoods Finely Chopped Chilli",
    "url": "https://www.woolworths.com.au/shop/productdetails/9591",
    "img": "https://cdn0.woolworths.media/content/wowproductimages/medium/009591.jpg",
    "price": 4,
    "quantity": 0.16,
    "unitPrice": 25
  },
  {
    "name": "Masterfoods Onion Salt",
    "url": "https://www.woolworths.com.au/shop/productdetails/115148",
    "img": "https://cdn0.woolworths.media/content/wowproductimages/medium/115148.jpg",
    "price": 4.5,
    "quantity": 0.178,
    "unitPrice": 25
  },
  {
    "name": "Natvia Strawberry Fruit Spread",
    "url": "https://www.woolworths.com.au/shop/productdetails/855607",
    "img": "https://cdn0.woolworths.media/content/wowproductimages/medium/855607.jpg",
    "price": 6,
    "quantity": 0.24,
    "unitPrice": 25
  },
  {
    "name": "Natvia Raspberry Fruit Spread",
    "url": "https://www.woolworths.com.au/shop/productdetails/855610",
    "img": "https://cdn0.woolworths.media/content/wowproductimages/medium/855610.jpg",
    "price": 6,
    "quantity": 0.24,
    "unitPrice": 25
  },
  {
    "name": "Leggo's Tomato Paste Triple Concentrate Tub",
    "url": "https://www.woolworths.com.au/shop/productdetails/91990",
    "img": "https://cdn0.woolworths.media/content/wowproductimages/medium/091990.jpg",
    "price": 3.5,
    "quantity": 0.14,
    "unitPrice": 25
  },
  {
    "name": "Leggo's Tomato Paste No Added Salt Triple Concentrate Tub",
    "url": "https://www.woolworths.com.au/shop/productdetails/22078",
    "img": "https://cdn0.woolworths.media/content/wowproductimages/medium/022078.jpg",
    "price": 3.5,
    "quantity": 0.14,
    "unitPrice": 25
  },
  {
    "name": "Leggo's Pizza Sauce Garlic Onion Herb Triple Concentrate Tub",
    "url": "https://www.woolworths.com.au/shop/productdetails/98571",
    "img": "https://cdn0.woolworths.media/content/wowproductimages/medium/098571.jpg",
    "price": 3.5,
    "quantity": 0.14,
    "unitPrice": 25
  },
  {
    "name": "Maggi Seasoning Sauce",
    "url": "https://www.woolworths.com.au/shop/productdetails/95064",
    "img": "https://cdn0.woolworths.media/content/wowproductimages/medium/095064.jpg",
    "price": 5,
    "quantity": 0.2,
    "unitPrice": 25
  },
  {
    "name": "Conimex Ketjap Manis Sweet Soy Sauce",
    "url": "https://www.woolworths.com.au/shop/productdetails/202710",
    "img": "https://cdn0.woolworths.media/content/wowproductimages/medium/202710.jpg",
    "price": 6,
    "quantity": 0.24,
    "unitPrice": 25
  },
  {
    "name": "Nestle Bakers' Choice Dark Choc Bits",
    "url": "https://www.woolworths.com.au/shop/productdetails/490008",
    "img": "https://cdn0.woolworths.media/content/wowproductimages/medium/490008.jpg",
    "price": 5,
    "quantity": 0.2,
    "unitPrice": 25
  },
  {
    "name": "Nestle Bakers' Choice White Choc Bits",
    "url": "https://www.woolworths.com.au/shop/productdetails/490083",
    "img": "https://cdn0.woolworths.media/content/wowproductimages/medium/490083.jpg",
    "price": 5,
    "quantity": 0.2,
    "unitPrice": 25
  },
  {
    "name": "Nestle Bakers' Choice Milk Choc Bits",
    "url": "https://www.woolworths.com.au/shop/productdetails/490082",
    "img": "https://cdn0.woolworths.media/content/wowproductimages/medium/490082.jpg",
    "price": 5,
    "quantity": 0.2,
    "unitPrice": 25
  },
  {
    "name": "Raw Earth Brown Stevia",
    "url": "https://www.woolworths.com.au/shop/productdetails/279785",
    "img": "https://cdn0.woolworths.media/content/wowproductimages/medium/279785.jpg",
    "price": 5,
    "quantity": 0.2,
    "unitPrice": 25
  },
  {
    "name": "Woolworths Roasted & Diced Cashews",
    "url": "https://www.woolworths.com.au/shop/productdetails/147616",
    "img": "https://cdn0.woolworths.media/content/wowproductimages/medium/147616.jpg",
    "price": 5,
    "quantity": 0.2,
    "unitPrice": 25
  },
  {
    "name": "Seriously Low Carb Self Raising Flour",
    "url": "https://www.woolworths.com.au/shop/productdetails/143028",
    "img": "https://cdn0.woolworths.media/content/wowproductimages/medium/143028.jpg",
    "price": 7.5,
    "quantity": 0.3,
    "unitPrice": 25
  },
  {
    "name": "Seriously Low Carb Seeded Bread Mix",
    "url": "https://www.woolworths.com.au/shop/productdetails/142329",
    "img": "https://cdn0.woolworths.media/content/wowproductimages/medium/142329.jpg",
    "price": 7.5,
    "quantity": 0.3,
    "unitPrice": 25
  },
  {
    "name": "Sunsweet Dried Plums Pitted Prunes 1.59kg",
    "url": "https://www.woolworths.com.au/shop/productdetails/1074599936",
    "img": "https://cdn0.woolworths.media/content/wowproductimages/medium/1074599936.jpg",
    "price": 39.75,
    "quantity": 1.59,
    "unitPrice": 25
  },
  {
    "name": "Woolworths Cook Japanese Inspired Maple & Miso Pork Bao Bun Kit",
    "url": "https://www.woolworths.com.au/shop/productdetails/189422",
    "img": "https://cdn0.woolworths.media/content/wowproductimages/medium/189422.jpg",
    "price": 16.5,
    "quantity": 0.655,
    "unitPrice": 25.19
  },
  {
    "name": "Blue Mountain Style Medium Roast Ground Coffee",
    "url": "https://www.coles.com.au/product/melitta-blue-mountain-style-medium-roast-ground-coffee-250g-344076",
    "img": "https://productimages.coles.com.au/productimages/3/344076.jpg",
    "price": 6.3,
    "quantity": 0.25,
    "unitPrice": 25.2
  },
  {
    "name": "Sfogliatine Glassate Wafers",
    "url": "https://www.coles.com.au/product/i-dolci-di-montagna-sfogliatine-glassate-wafers-135g-8303312",
    "img": "https://productimages.coles.com.au/productimages/8/8303312.jpg",
    "price": 3.4,
    "quantity": 0.135,
    "unitPrice": 25.2
  },
  {
    "name": "Kikkoman Soy Sauce Gluten Free Soy",
    "url": "https://www.woolworths.com.au/shop/productdetails/370455",
    "img": "https://cdn0.woolworths.media/content/wowproductimages/medium/370455.jpg",
    "price": 6.3,
    "quantity": 0.25,
    "unitPrice": 25.2
  },
  {
    "name": "Woolworths Walnuts Pieces",
    "url": "https://www.woolworths.com.au/shop/productdetails/89758",
    "img": "https://cdn0.woolworths.media/content/wowproductimages/medium/089758.jpg",
    "price": 6.3,
    "quantity": 0.25,
    "unitPrice": 25.2
  },
  {
    "name": "Macro Cashew Kernels",
    "url": "https://www.woolworths.com.au/shop/productdetails/231812",
    "img": "https://cdn0.woolworths.media/content/wowproductimages/medium/231812.jpg",
    "price": 6.3,
    "quantity": 0.25,
    "unitPrice": 25.2
  },
  {
    "name": "Brown Rice & Quinoa With Tuna",
    "url": "https://www.coles.com.au/product/sirena-brown-rice-&-quinoa-with-tuna-170g-2510201",
    "img": "https://productimages.coles.com.au/productimages/2/2510201.jpg",
    "price": 4.3,
    "quantity": 0.17,
    "unitPrice": 25.29
  },
  {
    "name": "Tuna & Pasta Sicilian Style",
    "url": "https://www.coles.com.au/product/sirena-tuna-&-pasta-sicilian-style-170g-3189413",
    "img": "https://productimages.coles.com.au/productimages/3/3189413.jpg",
    "price": 4.3,
    "quantity": 0.17,
    "unitPrice": 25.29
  },
  {
    "name": "Italian Style Salad With Tuna",
    "url": "https://www.coles.com.au/product/sirena-italian-style-salad-with-tuna-170g-3320176",
    "img": "https://productimages.coles.com.au/productimages/3/3320176.jpg",
    "price": 4.3,
    "quantity": 0.17,
    "unitPrice": 25.29
  },
  {
    "name": "Napoli Style Pasta With Tuna",
    "url": "https://www.coles.com.au/product/sirena-napoli-style-pasta-with-tuna-170g-3853575",
    "img": "https://productimages.coles.com.au/productimages/3/3853575.jpg",
    "price": 4.3,
    "quantity": 0.17,
    "unitPrice": 25.29
  },
  {
    "name": "Tuna Pasta Pesto",
    "url": "https://www.coles.com.au/product/sirena-tuna-pasta-pesto-170g-5454800",
    "img": "https://productimages.coles.com.au/productimages/5/5454800.jpg",
    "price": 4.3,
    "quantity": 0.17,
    "unitPrice": 25.29
  },
  {
    "name": "Tuna With Barley Salad",
    "url": "https://www.coles.com.au/product/sirena-tuna-with-barley-salad-170g-5454934",
    "img": "https://productimages.coles.com.au/productimages/5/5454934.jpg",
    "price": 4.3,
    "quantity": 0.17,
    "unitPrice": 25.29
  },
  {
    "name": "Mexican Rice With Tuna",
    "url": "https://www.coles.com.au/product/sirena-mexican-rice-with-tuna-170g-7070332",
    "img": "https://productimages.coles.com.au/productimages/7/7070332.jpg",
    "price": 4.3,
    "quantity": 0.17,
    "unitPrice": 25.29
  },
  {
    "name": "Riviana Crabmeat",
    "url": "https://www.woolworths.com.au/shop/productdetails/959439",
    "img": "https://cdn0.woolworths.media/content/wowproductimages/medium/959439.jpg",
    "price": 4.3,
    "quantity": 0.17,
    "unitPrice": 25.29
  },
  {
    "name": "Sirena Brown Rice & Quinoa With Tuna",
    "url": "https://www.woolworths.com.au/shop/productdetails/801522",
    "img": "https://cdn0.woolworths.media/content/wowproductimages/medium/801522.jpg",
    "price": 4.3,
    "quantity": 0.17,
    "unitPrice": 25.29
  },
  {
    "name": "Sirena Italian Style Salad With Tuna",
    "url": "https://www.woolworths.com.au/shop/productdetails/802544",
    "img": "https://cdn0.woolworths.media/content/wowproductimages/medium/802544.jpg",
    "price": 4.3,
    "quantity": 0.17,
    "unitPrice": 25.29
  },
  {
    "name": "Sirena Sicilian Style Pasta With Tuna",
    "url": "https://www.woolworths.com.au/shop/productdetails/801493",
    "img": "https://cdn0.woolworths.media/content/wowproductimages/medium/801493.jpg",
    "price": 4.3,
    "quantity": 0.17,
    "unitPrice": 25.29
  },
  {
    "name": "Sirena Napoli Style Pasta With Tuna",
    "url": "https://www.woolworths.com.au/shop/productdetails/238063",
    "img": "https://cdn0.woolworths.media/content/wowproductimages/medium/238063.jpg",
    "price": 4.3,
    "quantity": 0.17,
    "unitPrice": 25.29
  },
  {
    "name": "Sirena Pesto Pasta With Tuna",
    "url": "https://www.woolworths.com.au/shop/productdetails/333854",
    "img": "https://cdn0.woolworths.media/content/wowproductimages/medium/333854.jpg",
    "price": 4.3,
    "quantity": 0.17,
    "unitPrice": 25.29
  },
  {
    "name": "Sirena Mexican Rice With Tuna",
    "url": "https://www.woolworths.com.au/shop/productdetails/333873",
    "img": "https://cdn0.woolworths.media/content/wowproductimages/medium/333873.jpg",
    "price": 4.3,
    "quantity": 0.17,
    "unitPrice": 25.29
  },
  {
    "name": "Sirena Barley Salad With Tuna",
    "url": "https://www.woolworths.com.au/shop/productdetails/333845",
    "img": "https://cdn0.woolworths.media/content/wowproductimages/medium/333845.jpg",
    "price": 4.3,
    "quantity": 0.17,
    "unitPrice": 25.29
  },
  {
    "name": "Papagalos Greek Coffee",
    "url": "https://www.coles.com.au/product/loumidis-papagalos-greek-coffee-490g-5846606",
    "img": "https://productimages.coles.com.au/productimages/5/5846606.jpg",
    "price": 12.4,
    "quantity": 0.49,
    "unitPrice": 25.3
  },
  {
    "name": "Double Choc Ice Cream Tub",
    "url": "https://www.coles.com.au/product/denada-double-choc-ice-cream-tub-475ml-3508250",
    "img": "https://productimages.coles.com.au/productimages/3/3508250.jpg",
    "price": 12,
    "quantity": 0.475,
    "unitPrice": 25.3
  },
  {
    "name": "Ice Cream Mango Split",
    "url": "https://www.coles.com.au/product/denada-ice-cream-mango-split-475ml-4507139",
    "img": "https://productimages.coles.com.au/productimages/4/4507139.jpg",
    "price": 12,
    "quantity": 0.475,
    "unitPrice": 25.3
  },
  {
    "name": "Sugar Free Espresso Chocolate Fudge Vegan Ice Cream",
    "url": "https://www.coles.com.au/product/denada-sugar-free-espresso-chocolate-fudge-vegan-ice-cream-475ml-5040501",
    "img": "https://productimages.coles.com.au/productimages/5/5040501.jpg",
    "price": 12,
    "quantity": 0.475,
    "unitPrice": 25.3
  },
  {
    "name": "Sugar Free Ice Cream Raspberry Ribbon Vegan",
    "url": "https://www.coles.com.au/product/denada-sugar-free-ice-cream-raspberry-ribbon-vegan-475ml-5482714",
    "img": "https://productimages.coles.com.au/productimages/5/5482714.jpg",
    "price": 12,
    "quantity": 0.475,
    "unitPrice": 25.3
  },
  {
    "name": "5 Formaggi With Fig Sauce Pizza",
    "url": "https://www.coles.com.au/product/destination-italy-5-formaggi-with-fig-sauce-pizza-434g-7027402",
    "img": "https://productimages.coles.com.au/productimages/7/7027402.jpg",
    "price": 11,
    "quantity": 0.434,
    "unitPrice": 25.3
  },
  {
    "name": "Double Choc Ice Cream Tub",
    "url": "https://www.coles.com.au/product/denada-double-choc-ice-cream-tub-475ml-3508250",
    "img": "https://productimages.coles.com.au/productimages/3/3508250.jpg",
    "price": 12,
    "quantity": 0.475,
    "unitPrice": 25.3
  },
  {
    "name": "Ice Cream Mango Split",
    "url": "https://www.coles.com.au/product/denada-ice-cream-mango-split-475ml-4507139",
    "img": "https://productimages.coles.com.au/productimages/4/4507139.jpg",
    "price": 12,
    "quantity": 0.475,
    "unitPrice": 25.3
  },
  {
    "name": "Sugar Free Espresso Chocolate Fudge Vegan Ice Cream",
    "url": "https://www.coles.com.au/product/denada-sugar-free-espresso-chocolate-fudge-vegan-ice-cream-475ml-5040501",
    "img": "https://productimages.coles.com.au/productimages/5/5040501.jpg",
    "price": 12,
    "quantity": 0.475,
    "unitPrice": 25.3
  },
  {
    "name": "Sugar Free Ice Cream Raspberry Ribbon Vegan",
    "url": "https://www.coles.com.au/product/denada-sugar-free-ice-cream-raspberry-ribbon-vegan-475ml-5482714",
    "img": "https://productimages.coles.com.au/productimages/5/5482714.jpg",
    "price": 12,
    "quantity": 0.475,
    "unitPrice": 25.3
  },
  {
    "name": "5 Formaggi With Fig Sauce Pizza",
    "url": "https://www.coles.com.au/product/destination-italy-5-formaggi-with-fig-sauce-pizza-434g-7027402",
    "img": "https://productimages.coles.com.au/productimages/7/7027402.jpg",
    "price": 11,
    "quantity": 0.434,
    "unitPrice": 25.3
  },
  {
    "name": "Seafood Basket",
    "url": "https://www.coles.com.au/product/coles-seafood-basket-300g-3272244",
    "img": "https://productimages.coles.com.au/productimages/3/3272244.jpg",
    "price": 7.6,
    "quantity": 0.3,
    "unitPrice": 25.33
  },
  {
    "name": "Seafood Basket",
    "url": "https://www.coles.com.au/product/coles-seafood-basket-300g-3272244",
    "img": "https://productimages.coles.com.au/productimages/3/3272244.jpg",
    "price": 7.6,
    "quantity": 0.3,
    "unitPrice": 25.33
  },
  {
    "name": "Ristorante Mozzarella Pizza",
    "url": "https://www.coles.com.au/product/dr-oetker-ristorante-mozzarella-pizza-355g-6545434",
    "img": "https://productimages.coles.com.au/productimages/6/6545434.jpg",
    "price": 9,
    "quantity": 0.355,
    "unitPrice": 25.4
  },
  {
    "name": "Frozen Ristorante Hawaii Pizza",
    "url": "https://www.coles.com.au/product/dr.-oetker-frozen-ristorante-hawaii-pizza-355g-8634954",
    "img": "https://productimages.coles.com.au/productimages/8/8634954.jpg",
    "price": 9,
    "quantity": 0.355,
    "unitPrice": 25.4
  },
  {
    "name": "Ginger Prawn Dumplings",
    "url": "https://www.coles.com.au/product/mr-chen's-ginger-prawn-dumplings-630g-5287821",
    "img": "https://productimages.coles.com.au/productimages/5/5287821.jpg",
    "price": 16,
    "quantity": 0.63,
    "unitPrice": 25.4
  },
  {
    "name": "Ristorante Mozzarella Pizza",
    "url": "https://www.coles.com.au/product/dr-oetker-ristorante-mozzarella-pizza-355g-6545434",
    "img": "https://productimages.coles.com.au/productimages/6/6545434.jpg",
    "price": 9,
    "quantity": 0.355,
    "unitPrice": 25.4
  },
  {
    "name": "Frozen Ristorante Hawaii Pizza",
    "url": "https://www.coles.com.au/product/dr.-oetker-frozen-ristorante-hawaii-pizza-355g-8634954",
    "img": "https://productimages.coles.com.au/productimages/8/8634954.jpg",
    "price": 9,
    "quantity": 0.355,
    "unitPrice": 25.4
  },
  {
    "name": "Ginger Prawn Dumplings",
    "url": "https://www.coles.com.au/product/mr-chen's-ginger-prawn-dumplings-630g-5287821",
    "img": "https://productimages.coles.com.au/productimages/5/5287821.jpg",
    "price": 16,
    "quantity": 0.63,
    "unitPrice": 25.4
  },
  {
    "name": "Chilli Tuna",
    "url": "https://www.coles.com.au/product/sirena-chilli-tuna-185g-6061041",
    "img": "https://productimages.coles.com.au/productimages/6/6061041.jpg",
    "price": 4.7,
    "quantity": 0.185,
    "unitPrice": 25.41
  },
  {
    "name": "Tuna in Springwater",
    "url": "https://www.coles.com.au/product/sirena-tuna-in-springwater-185g-7392565",
    "img": "https://productimages.coles.com.au/productimages/7/7392565.jpg",
    "price": 4.7,
    "quantity": 0.185,
    "unitPrice": 25.41
  },
  {
    "name": "Tuna in Oil Italian Style",
    "url": "https://www.coles.com.au/product/sirena-tuna-in-oil-italian-style-185g-244264",
    "img": "https://productimages.coles.com.au/productimages/2/244264.jpg",
    "price": 4.7,
    "quantity": 0.185,
    "unitPrice": 25.41
  },
  {
    "name": "La Vita Lite Tuna In Oil",
    "url": "https://www.coles.com.au/product/sirena-la-vita-lite-tuna-in-oil-185g-3114378",
    "img": "https://productimages.coles.com.au/productimages/3/3114378.jpg",
    "price": 4.7,
    "quantity": 0.185,
    "unitPrice": 25.41
  },
  {
    "name": "Chilli Tuna",
    "url": "https://www.coles.com.au/product/sirena-chilli-tuna-185g-6061041",
    "img": "https://productimages.coles.com.au/productimages/6/6061041.jpg",
    "price": 4.7,
    "quantity": 0.185,
    "unitPrice": 25.41
  },
  {
    "name": "Tuna in Springwater",
    "url": "https://www.coles.com.au/product/sirena-tuna-in-springwater-185g-7392565",
    "img": "https://productimages.coles.com.au/productimages/7/7392565.jpg",
    "price": 4.7,
    "quantity": 0.185,
    "unitPrice": 25.41
  },
  {
    "name": "Tofu Chinese Honey Soy",
    "url": "https://www.coles.com.au/product/soyco-tofu-chinese-honey-soy-200g-9098809",
    "img": "https://productimages.coles.com.au/productimages/9/9098809.jpg",
    "price": 5.1,
    "quantity": 0.2,
    "unitPrice": 25.5
  },
  {
    "name": "Tofu Malaysian Peanut Satay",
    "url": "https://www.coles.com.au/product/soyco-tofu-malaysian-peanut-satay-200g-9099120",
    "img": "https://productimages.coles.com.au/productimages/9/9099120.jpg",
    "price": 5.1,
    "quantity": 0.2,
    "unitPrice": 25.5
  },
  {
    "name": "Dried Pineapple Rings",
    "url": "https://www.coles.com.au/product/coles-dried-pineapple-rings-200g-3559374",
    "img": "https://productimages.coles.com.au/productimages/3/3559374.jpg",
    "price": 5.1,
    "quantity": 0.2,
    "unitPrice": 25.5
  },
  {
    "name": "Frozen King Island Frozen Beef Sausage Rolls 12 pack",
    "url": "https://www.coles.com.au/product/herbert-adams-frozen-king-island-frozen-beef-sausage-rolls-12-pack-420g-2900636",
    "img": "https://productimages.coles.com.au/productimages/2/2900636.jpg",
    "price": 10.7,
    "quantity": 0.42,
    "unitPrice": 25.5
  },
  {
    "name": "Premium Gourmet King Island Beef Party Pies 12 pack",
    "url": "https://www.coles.com.au/product/herbert-adams-premium-gourmet-king-island-beef-party-pies-12-pack-420g-8693170",
    "img": "https://productimages.coles.com.au/productimages/8/8693170.jpg",
    "price": 10.7,
    "quantity": 0.42,
    "unitPrice": 25.5
  },
  {
    "name": "Plant Based Chicken Strips",
    "url": "https://www.coles.com.au/product/birds-eye-plant-based-chicken-strips-200g-4327352",
    "img": "https://productimages.coles.com.au/productimages/4/4327352.jpg",
    "price": 5.1,
    "quantity": 0.2,
    "unitPrice": 25.5
  },
  {
    "name": "Plant Based Lamb Strips",
    "url": "https://www.coles.com.au/product/birds-eye-plant-based-lamb-strips-200g-5143399",
    "img": "https://productimages.coles.com.au/productimages/5/5143399.jpg",
    "price": 5.1,
    "quantity": 0.2,
    "unitPrice": 25.5
  },
  {
    "name": "Frozen King Island Frozen Beef Sausage Rolls 12 pack",
    "url": "https://www.coles.com.au/product/herbert-adams-frozen-king-island-frozen-beef-sausage-rolls-12-pack-420g-2900636",
    "img": "https://productimages.coles.com.au/productimages/2/2900636.jpg",
    "price": 10.7,
    "quantity": 0.42,
    "unitPrice": 25.5
  },
  {
    "name": "Premium Gourmet King Island Beef Party Pies 12 pack",
    "url": "https://www.coles.com.au/product/herbert-adams-premium-gourmet-king-island-beef-party-pies-12-pack-420g-8693170",
    "img": "https://productimages.coles.com.au/productimages/8/8693170.jpg",
    "price": 10.7,
    "quantity": 0.42,
    "unitPrice": 25.5
  },
  {
    "name": "Plant Based Chicken Strips",
    "url": "https://www.coles.com.au/product/birds-eye-plant-based-chicken-strips-200g-4327352",
    "img": "https://productimages.coles.com.au/productimages/4/4327352.jpg",
    "price": 5.1,
    "quantity": 0.2,
    "unitPrice": 25.5
  },
  {
    "name": "Plant Based Lamb Strips",
    "url": "https://www.coles.com.au/product/birds-eye-plant-based-lamb-strips-200g-5143399",
    "img": "https://productimages.coles.com.au/productimages/5/5143399.jpg",
    "price": 5.1,
    "quantity": 0.2,
    "unitPrice": 25.5
  },
  {
    "name": "Don Bacon Pan Size Rindless",
    "url": "https://www.woolworths.com.au/shop/productdetails/178241",
    "img": "https://cdn0.woolworths.media/content/wowproductimages/medium/178241.jpg",
    "price": 5.1,
    "quantity": 0.2,
    "unitPrice": 25.5
  },
  {
    "name": "Don Bacon Pansize Double Smoked",
    "url": "https://www.woolworths.com.au/shop/productdetails/178202",
    "img": "https://cdn0.woolworths.media/content/wowproductimages/medium/178202.jpg",
    "price": 5.1,
    "quantity": 0.2,
    "unitPrice": 25.5
  },
  {
    "name": "Don Short Cut Rindless Bacon",
    "url": "https://www.woolworths.com.au/shop/productdetails/220824",
    "img": "https://cdn0.woolworths.media/content/wowproductimages/medium/220824.jpg",
    "price": 5.1,
    "quantity": 0.2,
    "unitPrice": 25.5
  },
  {
    "name": "Extra Virgin Olive Oil Blend & Pink Salt Deli Tuna",
    "url": "https://www.coles.com.au/product/john-west-extra-virgin-olive-oil-blend-&-pink-salt-deli-tuna-90g-3616230",
    "img": "https://productimages.coles.com.au/productimages/3/3616230.jpg",
    "price": 2.3,
    "quantity": 0.09,
    "unitPrice": 25.56
  },
  {
    "name": "Chilli Infused Oil & Lemon Zest Deli Tuna",
    "url": "https://www.coles.com.au/product/john-west-chilli-infused-oil-&-lemon-zest-deli-tuna-90g-3616285",
    "img": "https://productimages.coles.com.au/productimages/3/3616285.jpg",
    "price": 2.3,
    "quantity": 0.09,
    "unitPrice": 25.56
  },
  {
    "name": "Rosemary & Sea Salt In Oil Deli Tuna",
    "url": "https://www.coles.com.au/product/john-west-rosemary-&-sea-salt-in-oil-deli-tuna-90g-3616605",
    "img": "https://productimages.coles.com.au/productimages/3/3616605.jpg",
    "price": 2.3,
    "quantity": 0.09,
    "unitPrice": 25.56
  },
  {
    "name": "Cherry Tomato & Chilli Infused Oil Deli Tuna",
    "url": "https://www.coles.com.au/product/john-west-cherry-tomato-&-chilli-infused-oil-deli-tuna-90g-3619283",
    "img": "https://productimages.coles.com.au/productimages/3/3619283.jpg",
    "price": 2.3,
    "quantity": 0.09,
    "unitPrice": 25.56
  },
  {
    "name": "Zesty Lemon & Italian Herbs Deli Tuna",
    "url": "https://www.coles.com.au/product/john-west-zesty-lemon-&-italian-herbs-deli-tuna-90g-3619294",
    "img": "https://productimages.coles.com.au/productimages/3/3619294.jpg",
    "price": 2.3,
    "quantity": 0.09,
    "unitPrice": 25.56
  },
  {
    "name": "Lime Ginger & A Hint Of Chilli In Oil Deli Tuna",
    "url": "https://www.coles.com.au/product/john-west-lime-ginger-&-a-hint-of-chilli-in-oil-deli-tuna-90g-3619308",
    "img": "https://productimages.coles.com.au/productimages/3/3619308.jpg",
    "price": 2.3,
    "quantity": 0.09,
    "unitPrice": 25.56
  },
  {
    "name": "Soy & Caramelised Garlic In Oil Deli Tuna",
    "url": "https://www.coles.com.au/product/john-west-soy-&-caramelised-garlic-in-oil-deli-tuna-90g-3619319",
    "img": "https://productimages.coles.com.au/productimages/3/3619319.jpg",
    "price": 2.3,
    "quantity": 0.09,
    "unitPrice": 25.56
  },
  {
    "name": "Protein + Calcium Tuna:Chilli",
    "url": "https://www.coles.com.au/product/john-west-protein-+-calcium-tuna:chilli-90g-3919924",
    "img": "https://productimages.coles.com.au/productimages/3/3919924.jpg",
    "price": 2.3,
    "quantity": 0.09,
    "unitPrice": 25.56
  },
  {
    "name": "Protein + Calcium Tuna In Oil",
    "url": "https://www.coles.com.au/product/john-west-protein-+-calcium-tuna-in-oil-90g-3919935",
    "img": "https://productimages.coles.com.au/productimages/3/3919935.jpg",
    "price": 2.3,
    "quantity": 0.09,
    "unitPrice": 25.56
  },
  {
    "name": "Protein + Calcium Tuna Lemon Pepper",
    "url": "https://www.coles.com.au/product/john-west-protein-+-calcium-tuna-lemon-pepper-90g-3919946",
    "img": "https://productimages.coles.com.au/productimages/3/3919946.jpg",
    "price": 2.3,
    "quantity": 0.09,
    "unitPrice": 25.56
  },
  {
    "name": "West Protein + Calcium Tuna Springwater",
    "url": "https://www.coles.com.au/product/john-west-west-protein-+-calcium-tuna-springwater-90g-3919957",
    "img": "https://productimages.coles.com.au/productimages/3/3919957.jpg",
    "price": 2.3,
    "quantity": 0.09,
    "unitPrice": 25.56
  },
  {
    "name": "Extra Virgin Olive Oil Blend & Pink Salt Deli Tuna",
    "url": "https://www.coles.com.au/product/john-west-extra-virgin-olive-oil-blend-&-pink-salt-deli-tuna-90g-3616230",
    "img": "https://productimages.coles.com.au/productimages/3/3616230.jpg",
    "price": 2.3,
    "quantity": 0.09,
    "unitPrice": 25.56
  },
  {
    "name": "Chilli Infused Oil & Lemon Zest Deli Tuna",
    "url": "https://www.coles.com.au/product/john-west-chilli-infused-oil-&-lemon-zest-deli-tuna-90g-3616285",
    "img": "https://productimages.coles.com.au/productimages/3/3616285.jpg",
    "price": 2.3,
    "quantity": 0.09,
    "unitPrice": 25.56
  },
  {
    "name": "Rosemary & Sea Salt In Oil Deli Tuna",
    "url": "https://www.coles.com.au/product/john-west-rosemary-&-sea-salt-in-oil-deli-tuna-90g-3616605",
    "img": "https://productimages.coles.com.au/productimages/3/3616605.jpg",
    "price": 2.3,
    "quantity": 0.09,
    "unitPrice": 25.56
  },
  {
    "name": "Cherry Tomato & Chilli Infused Oil Deli Tuna",
    "url": "https://www.coles.com.au/product/john-west-cherry-tomato-&-chilli-infused-oil-deli-tuna-90g-3619283",
    "img": "https://productimages.coles.com.au/productimages/3/3619283.jpg",
    "price": 2.3,
    "quantity": 0.09,
    "unitPrice": 25.56
  },
  {
    "name": "Zesty Lemon & Italian Herbs Deli Tuna",
    "url": "https://www.coles.com.au/product/john-west-zesty-lemon-&-italian-herbs-deli-tuna-90g-3619294",
    "img": "https://productimages.coles.com.au/productimages/3/3619294.jpg",
    "price": 2.3,
    "quantity": 0.09,
    "unitPrice": 25.56
  },
  {
    "name": "Lime Ginger & A Hint Of Chilli In Oil Deli Tuna",
    "url": "https://www.coles.com.au/product/john-west-lime-ginger-&-a-hint-of-chilli-in-oil-deli-tuna-90g-3619308",
    "img": "https://productimages.coles.com.au/productimages/3/3619308.jpg",
    "price": 2.3,
    "quantity": 0.09,
    "unitPrice": 25.56
  },
  {
    "name": "Soy & Caramelised Garlic In Oil Deli Tuna",
    "url": "https://www.coles.com.au/product/john-west-soy-&-caramelised-garlic-in-oil-deli-tuna-90g-3619319",
    "img": "https://productimages.coles.com.au/productimages/3/3619319.jpg",
    "price": 2.3,
    "quantity": 0.09,
    "unitPrice": 25.56
  },
  {
    "name": "Protein + Calcium Tuna:Chilli",
    "url": "https://www.coles.com.au/product/john-west-protein-+-calcium-tuna:chilli-90g-3919924",
    "img": "https://productimages.coles.com.au/productimages/3/3919924.jpg",
    "price": 2.3,
    "quantity": 0.09,
    "unitPrice": 25.56
  },
  {
    "name": "Protein + Calcium Tuna In Oil",
    "url": "https://www.coles.com.au/product/john-west-protein-+-calcium-tuna-in-oil-90g-3919935",
    "img": "https://productimages.coles.com.au/productimages/3/3919935.jpg",
    "price": 2.3,
    "quantity": 0.09,
    "unitPrice": 25.56
  },
  {
    "name": "Protein + Calcium Tuna Lemon Pepper",
    "url": "https://www.coles.com.au/product/john-west-protein-+-calcium-tuna-lemon-pepper-90g-3919946",
    "img": "https://productimages.coles.com.au/productimages/3/3919946.jpg",
    "price": 2.3,
    "quantity": 0.09,
    "unitPrice": 25.56
  },
  {
    "name": "West Protein + Calcium Tuna Springwater",
    "url": "https://www.coles.com.au/product/john-west-west-protein-+-calcium-tuna-springwater-90g-3919957",
    "img": "https://productimages.coles.com.au/productimages/3/3919957.jpg",
    "price": 2.3,
    "quantity": 0.09,
    "unitPrice": 25.56
  },
  {
    "name": "Frittata Cheese Bacon Roasted Capsicum",
    "url": "https://www.coles.com.au/product/herbert-adams-frittata-cheese-bacon-roasted-capsicum-700g-5582490",
    "img": "https://productimages.coles.com.au/productimages/5/5582490.jpg",
    "price": 17.9,
    "quantity": 0.7,
    "unitPrice": 25.6
  },
  {
    "name": "Frittata Roasted Pumpkin Spinach & Feta",
    "url": "https://www.coles.com.au/product/herbert-adams-frittata-roasted-pumpkin-spinach-&-feta-700g-6283575",
    "img": "https://productimages.coles.com.au/productimages/6/6283575.jpg",
    "price": 17.9,
    "quantity": 0.7,
    "unitPrice": 25.6
  },
  {
    "name": "Porridge Protein Rich Almond Vanilla & Cinnamon",
    "url": "https://www.coles.com.au/product/carmans-porridge-protein-rich-almond-vanilla-&-cinnamon-270g-3990893",
    "img": "https://productimages.coles.com.au/productimages/3/3990893.jpg",
    "price": 6.9,
    "quantity": 0.27,
    "unitPrice": 25.6
  },
  {
    "name": "Porridge Protein Rich Almond Vanilla & Cinnamon",
    "url": "https://www.coles.com.au/product/carmans-porridge-protein-rich-almond-vanilla-&-cinnamon-270g-3990893",
    "img": "https://productimages.coles.com.au/productimages/3/3990893.jpg",
    "price": 6.9,
    "quantity": 0.27,
    "unitPrice": 25.6
  },
  {
    "name": "I'M Free From Beef Pies",
    "url": "https://www.coles.com.au/product/coles-i'm-free-from-beef-pies-340g-3519755",
    "img": "https://productimages.coles.com.au/productimages/3/3519755.jpg",
    "price": 8.7,
    "quantity": 0.34,
    "unitPrice": 25.6
  },
  {
    "name": "I'M Free From Beef Pies",
    "url": "https://www.coles.com.au/product/coles-i'm-free-from-beef-pies-340g-3519755",
    "img": "https://productimages.coles.com.au/productimages/3/3519755.jpg",
    "price": 8.7,
    "quantity": 0.34,
    "unitPrice": 25.6
  },
  {
    "name": "Barilla Pesto Sauce Basilico Vegan",
    "url": "https://www.woolworths.com.au/shop/productdetails/190944",
    "img": "https://cdn0.woolworths.media/content/wowproductimages/medium/190944.jpg",
    "price": 5,
    "quantity": 0.195,
    "unitPrice": 25.6
  },
  {
    "name": "Mckenzie's Cream Of Tartar",
    "url": "https://www.woolworths.com.au/shop/productdetails/205694",
    "img": "https://cdn0.woolworths.media/content/wowproductimages/medium/205694.jpg",
    "price": 3.2,
    "quantity": 0.125,
    "unitPrice": 25.6
  },
  {
    "name": "Chorizo",
    "url": "https://www.coles.com.au/product/wurstel-chorizo-300g-2531664",
    "img": "https://productimages.coles.com.au/productimages/2/2531664.jpg",
    "price": 7.7,
    "quantity": 0.3,
    "unitPrice": 25.67
  },
  {
    "name": "Almond Meal",
    "url": "https://www.coles.com.au/product/coles-almond-meal-150g-2749454",
    "img": "https://productimages.coles.com.au/productimages/2/2749454.jpg",
    "price": 3.85,
    "quantity": 0.15,
    "unitPrice": 25.67
  },
  {
    "name": "Woolworths Almond Meal",
    "url": "https://www.woolworths.com.au/shop/productdetails/726281",
    "img": "https://cdn0.woolworths.media/content/wowproductimages/medium/726281.jpg",
    "price": 3.85,
    "quantity": 0.15,
    "unitPrice": 25.67
  },
  {
    "name": "Thai Green Chicken Curry With Coconut Rice",
    "url": "https://www.coles.com.au/product/coles-finest-thai-green-chicken-curry-with-coconut-rice-350g-6011473",
    "img": "https://productimages.coles.com.au/productimages/6/6011473.jpg",
    "price": 9,
    "quantity": 0.35,
    "unitPrice": 25.7
  },
  {
    "name": "Butter Chicken With Pilau Rice",
    "url": "https://www.coles.com.au/product/coles-finest-butter-chicken-with-pilau-rice-350g-6011688",
    "img": "https://productimages.coles.com.au/productimages/6/6011688.jpg",
    "price": 9,
    "quantity": 0.35,
    "unitPrice": 25.7
  },
  {
    "name": "Frozen Grass Fed Beef Bolognese With Wholemeal Spaghetti",
    "url": "https://www.coles.com.au/product/fitness-outcomes-frozen-grass-fed-beef-bolognese-with-wholemeal-spaghetti-350g-4357706",
    "img": "https://productimages.coles.com.au/productimages/4/4357706.jpg",
    "price": 9,
    "quantity": 0.35,
    "unitPrice": 25.7
  },
  {
    "name": "Frozen Sriracha Free Range Chicken With Basmati Rice & Broccoli",
    "url": "https://www.coles.com.au/product/fitness-outcomes-frozen-sriracha-free-range-chicken-with-basmati-rice-&-broccoli-350g-4357728",
    "img": "https://productimages.coles.com.au/productimages/4/4357728.jpg",
    "price": 9,
    "quantity": 0.35,
    "unitPrice": 25.7
  },
  {
    "name": "Beef Rendang & Brown Rice",
    "url": "https://www.coles.com.au/product/fitness-outcomes-beef-rendang-&-brown-rice-350g-5235410",
    "img": "https://productimages.coles.com.au/productimages/5/5235410.jpg",
    "price": 9,
    "quantity": 0.35,
    "unitPrice": 25.7
  },
  {
    "name": "Frozen Grass Fed Beef Bolognese With Wholemeal Spaghetti",
    "url": "https://www.coles.com.au/product/fitness-outcomes-frozen-grass-fed-beef-bolognese-with-wholemeal-spaghetti-350g-4357706",
    "img": "https://productimages.coles.com.au/productimages/4/4357706.jpg",
    "price": 9,
    "quantity": 0.35,
    "unitPrice": 25.7
  },
  {
    "name": "Frozen Sriracha Free Range Chicken With Basmati Rice & Broccoli",
    "url": "https://www.coles.com.au/product/fitness-outcomes-frozen-sriracha-free-range-chicken-with-basmati-rice-&-broccoli-350g-4357728",
    "img": "https://productimages.coles.com.au/productimages/4/4357728.jpg",
    "price": 9,
    "quantity": 0.35,
    "unitPrice": 25.7
  },
  {
    "name": "Beef Rendang & Brown Rice",
    "url": "https://www.coles.com.au/product/fitness-outcomes-beef-rendang-&-brown-rice-350g-5235410",
    "img": "https://productimages.coles.com.au/productimages/5/5235410.jpg",
    "price": 9,
    "quantity": 0.35,
    "unitPrice": 25.7
  },
  {
    "name": "Frank's Redhot Original Cayenne Pepper Hot Sauce",
    "url": "https://www.woolworths.com.au/shop/productdetails/759137",
    "img": "https://cdn0.woolworths.media/content/wowproductimages/medium/759137.jpg",
    "price": 3.8,
    "quantity": 0.148,
    "unitPrice": 25.7
  },
  {
    "name": "Frank's Redhot Xtra Hot Cayenne Pepper Hot Sauce",
    "url": "https://www.woolworths.com.au/shop/productdetails/52145",
    "img": "https://cdn0.woolworths.media/content/wowproductimages/medium/052145.jpg",
    "price": 3.8,
    "quantity": 0.148,
    "unitPrice": 25.7
  },
  {
    "name": "Woolworths Southern Style Buttermilk Chicken Thigh Fillet Burgers",
    "url": "https://www.woolworths.com.au/shop/productdetails/134085",
    "img": "https://cdn0.woolworths.media/content/wowproductimages/medium/134085.jpg",
    "price": 9,
    "quantity": 0.35,
    "unitPrice": 25.71
  },
  {
    "name": "D'orsogna Natural Leg Ham Portion",
    "url": "https://www.woolworths.com.au/shop/productdetails/532958",
    "img": "https://cdn0.woolworths.media/content/wowproductimages/medium/532958.jpg",
    "price": 18,
    "quantity": 0.7,
    "unitPrice": 25.71
  },
  {
    "name": "Woolworths Cook Lamb Shoulder With Garlic & Rosemary",
    "url": "https://www.woolworths.com.au/shop/productdetails/147841",
    "img": "https://cdn0.woolworths.media/content/wowproductimages/medium/147841.jpg",
    "price": 18,
    "quantity": 0.7,
    "unitPrice": 25.71
  },
  {
    "name": "Honey Cashews",
    "url": "https://www.coles.com.au/product/coles-honey-cashews-350g-3505240",
    "img": "https://productimages.coles.com.au/productimages/3/3505240.jpg",
    "price": 9,
    "quantity": 0.35,
    "unitPrice": 25.72
  },
  {
    "name": "Honey Cashews",
    "url": "https://www.coles.com.au/product/coles-honey-cashews-350g-3505240",
    "img": "https://productimages.coles.com.au/productimages/3/3505240.jpg",
    "price": 9,
    "quantity": 0.35,
    "unitPrice": 25.72
  },
  {
    "name": "Gluten Free Hoki Bites",
    "url": "https://www.coles.com.au/product/sealord-gluten-free-hoki-bites-350g-4506828",
    "img": "https://productimages.coles.com.au/productimages/4/4506828.jpg",
    "price": 9,
    "quantity": 0.35,
    "unitPrice": 25.72
  },
  {
    "name": "Gluten Free Hoki Bites",
    "url": "https://www.coles.com.au/product/sealord-gluten-free-hoki-bites-350g-4506828",
    "img": "https://productimages.coles.com.au/productimages/4/4506828.jpg",
    "price": 9,
    "quantity": 0.35,
    "unitPrice": 25.72
  },
  {
    "name": "Eat Well Chicken Risotto Pumpkin Pesto Fetta",
    "url": "https://www.coles.com.au/product/coles-eat-well-chicken-risotto-pumpkin-pesto-fetta-345g-6479544",
    "img": "https://productimages.coles.com.au/productimages/6/6479544.jpg",
    "price": 8.9,
    "quantity": 0.345,
    "unitPrice": 25.8
  },
  {
    "name": "Celebration Layer Cake",
    "url": "https://www.coles.com.au/product/coles-celebration-layer-cake-970g-6252425",
    "img": "https://productimages.coles.com.au/productimages/6/6252425.jpg",
    "price": 25,
    "quantity": 0.97,
    "unitPrice": 25.8
  },
  {
    "name": "Gluten Free Laksa Noodle Soup",
    "url": "https://www.coles.com.au/product/hart-&-soul-gluten-free-laksa-noodle-soup-155g-3399450",
    "img": "https://productimages.coles.com.au/productimages/3/3399450.jpg",
    "price": 4,
    "quantity": 0.155,
    "unitPrice": 25.8
  },
  {
    "name": "Gluten Free Chicken Noodle Soup",
    "url": "https://www.coles.com.au/product/hart-&-soul-gluten-free-chicken-noodle-soup-155g-3399471",
    "img": "https://productimages.coles.com.au/productimages/3/3399471.jpg",
    "price": 4,
    "quantity": 0.155,
    "unitPrice": 25.8
  },
  {
    "name": "Gluten Free Laksa Noodle Soup",
    "url": "https://www.coles.com.au/product/hart-&-soul-gluten-free-laksa-noodle-soup-155g-3399450",
    "img": "https://productimages.coles.com.au/productimages/3/3399450.jpg",
    "price": 4,
    "quantity": 0.155,
    "unitPrice": 25.8
  },
  {
    "name": "Gluten Free Chicken Noodle Soup",
    "url": "https://www.coles.com.au/product/hart-&-soul-gluten-free-chicken-noodle-soup-155g-3399471",
    "img": "https://productimages.coles.com.au/productimages/3/3399471.jpg",
    "price": 4,
    "quantity": 0.155,
    "unitPrice": 25.8
  },
  {
    "name": "Woolworths Assorted Celebration Cake",
    "url": "https://www.woolworths.com.au/shop/productdetails/104984",
    "img": "https://cdn0.woolworths.media/content/wowproductimages/medium/104984.jpg",
    "price": 31,
    "quantity": 1.2,
    "unitPrice": 25.8
  },
  {
    "name": "Woolworths Assorted Celebration Cake",
    "url": "https://www.woolworths.com.au/shop/productdetails/104984",
    "img": "https://cdn0.woolworths.media/content/wowproductimages/medium/104984.jpg",
    "price": 31,
    "quantity": 1.2,
    "unitPrice": 25.8
  },
  {
    "name": "Organic Coffee Beans",
    "url": "https://www.coles.com.au/product/grinders-organic-coffee-beans-1kg-3516054",
    "img": "https://productimages.coles.com.au/productimages/3/3516054.jpg",
    "price": 25.9,
    "quantity": 1,
    "unitPrice": 25.9
  },
  {
    "name": "Tamarind Puree",
    "url": "https://www.coles.com.au/product/jeeny's-tamarind-puree-220g-9434622",
    "img": "https://productimages.coles.com.au/productimages/9/9434622.jpg",
    "price": 5.7,
    "quantity": 0.22,
    "unitPrice": 25.9
  },
  {
    "name": "Sliced Pork",
    "url": "https://www.coles.com.au/product/poulings-sliced-pork-290g-3785781",
    "img": "https://productimages.coles.com.au/productimages/3/3785781.jpg",
    "price": 7.5,
    "quantity": 0.29,
    "unitPrice": 25.9
  },
  {
    "name": "Sliced Beef",
    "url": "https://www.coles.com.au/product/poulings-sliced-beef-290g-3785792",
    "img": "https://productimages.coles.com.au/productimages/3/3785792.jpg",
    "price": 7.5,
    "quantity": 0.29,
    "unitPrice": 25.9
  },
  {
    "name": "Sliced Pork",
    "url": "https://www.coles.com.au/product/poulings-sliced-pork-290g-3785781",
    "img": "https://productimages.coles.com.au/productimages/3/3785781.jpg",
    "price": 7.5,
    "quantity": 0.29,
    "unitPrice": 25.9
  },
  {
    "name": "Sliced Beef",
    "url": "https://www.coles.com.au/product/poulings-sliced-beef-290g-3785792",
    "img": "https://productimages.coles.com.au/productimages/3/3785792.jpg",
    "price": 7.5,
    "quantity": 0.29,
    "unitPrice": 25.9
  },
  {
    "name": "Semi Dried Tomatoe Fresh Basil",
    "url": "https://www.coles.com.au/product/coles-semi-dried-tomatoe-fresh-basil-135g-6481444",
    "img": "https://productimages.coles.com.au/productimages/6/6481444.jpg",
    "price": 3.5,
    "quantity": 0.135,
    "unitPrice": 25.93
  },
  {
    "name": "Organic Green Beans Prepacked",
    "url": "https://www.coles.com.au/product/coles-organic-green-beans-prepacked-250g-9861850",
    "img": "https://productimages.coles.com.au/productimages/9/9861850.jpg",
    "price": 6.5,
    "quantity": 0.25,
    "unitPrice": 26
  },
  {
    "name": "Pottle Natural Almonds",
    "url": "https://www.coles.com.au/product/coles-pottle-natural-almonds-approx.-100g-2834735",
    "img": "https://productimages.coles.com.au/productimages/2/2834735.jpg",
    "price": 2.6,
    "quantity": 0.1,
    "unitPrice": 26
  },
  {
    "name": "Liverwurst Latvian",
    "url": "https://www.coles.com.au/product/don-liverwurst-latvian-100g-9363954",
    "img": "https://productimages.coles.com.au/productimages/9/9363954.jpg",
    "price": 2.6,
    "quantity": 0.1,
    "unitPrice": 26
  },
  {
    "name": "Tuna Pate",
    "url": "https://www.coles.com.au/product/yumi's-tuna-pate-200g-5686714",
    "img": "https://productimages.coles.com.au/productimages/5/5686714.jpg",
    "price": 5.2,
    "quantity": 0.2,
    "unitPrice": 26
  },
  {
    "name": "Chilli Tofu Pieces",
    "url": "https://www.coles.com.au/product/beijing-chilli-tofu-pieces-200g-8879601",
    "img": "https://productimages.coles.com.au/productimages/8/8879601.jpg",
    "price": 5.2,
    "quantity": 0.2,
    "unitPrice": 26
  },
  {
    "name": "Sliced Garlic Tofu Pieces",
    "url": "https://www.coles.com.au/product/beijing-sliced-garlic-tofu-pieces-200g-8879758",
    "img": "https://productimages.coles.com.au/productimages/8/8879758.jpg",
    "price": 5.2,
    "quantity": 0.2,
    "unitPrice": 26
  },
  {
    "name": "Satay Tofu Pieces",
    "url": "https://www.coles.com.au/product/beijing-satay-tofu-pieces-200g-8879769",
    "img": "https://productimages.coles.com.au/productimages/8/8879769.jpg",
    "price": 5.2,
    "quantity": 0.2,
    "unitPrice": 26
  },
  {
    "name": "Mascarpone",
    "url": "https://www.coles.com.au/product/montefiore-mascarpone-250g-1865325",
    "img": "https://productimages.coles.com.au/productimages/1/1865325.jpg",
    "price": 6.5,
    "quantity": 0.25,
    "unitPrice": 26
  },
  {
    "name": "Cypriot Halloumi With Mint",
    "url": "https://www.coles.com.au/product/coles-cypriot-halloumi-with-mint-250g-2173917",
    "img": "https://productimages.coles.com.au/productimages/2/2173917.jpg",
    "price": 6.5,
    "quantity": 0.25,
    "unitPrice": 26
  },
  {
    "name": "Organic Spreadable",
    "url": "https://www.coles.com.au/product/mainland-organic-spreadable-250g-2458600",
    "img": "https://productimages.coles.com.au/productimages/2/2458600.jpg",
    "price": 6.5,
    "quantity": 0.25,
    "unitPrice": 26
  },
  {
    "name": "Rocky Road",
    "url": "https://www.coles.com.au/product/coles-rocky-road-250g-4230920",
    "img": "https://productimages.coles.com.au/productimages/4/4230920.jpg",
    "price": 6.5,
    "quantity": 0.25,
    "unitPrice": 26
  },
  {
    "name": "Gluten Free Wholesome Buckwheat Wraps",
    "url": "https://www.coles.com.au/product/old-time-bakery-gluten-free-wholesome-buckwheat-wraps-250g-4654009",
    "img": "https://productimages.coles.com.au/productimages/4/4654009.jpg",
    "price": 6.5,
    "quantity": 0.25,
    "unitPrice": 26
  },
  {
    "name": "Gluten Free  Multigrain Wraps",
    "url": "https://www.coles.com.au/product/old-time-bakery-gluten-free--multigrain-wraps-250g-4654010",
    "img": "https://productimages.coles.com.au/productimages/4/4654010.jpg",
    "price": 6.5,
    "quantity": 0.25,
    "unitPrice": 26
  },
  {
    "name": "Gluten Free Lebanese Wholemeal Bread",
    "url": "https://www.coles.com.au/product/old-time-bakery-gluten-free-lebanese-wholemeal-bread-250g-4654031",
    "img": "https://productimages.coles.com.au/productimages/4/4654031.jpg",
    "price": 6.5,
    "quantity": 0.25,
    "unitPrice": 26
  },
  {
    "name": "Original Chocolate Cookie Dough",
    "url": "https://www.coles.com.au/product/bennett-st-dairy-original-chocolate-cookie-dough-500g-5559138",
    "img": "https://productimages.coles.com.au/productimages/5/5559138.jpg",
    "price": 13,
    "quantity": 0.5,
    "unitPrice": 26
  },
  {
    "name": "Salted Caramel & White Chocolate Dough",
    "url": "https://www.coles.com.au/product/bennett-st-dairy-salted-caramel-&-white-chocolate-dough-500g-5559149",
    "img": "https://productimages.coles.com.au/productimages/5/5559149.jpg",
    "price": 13,
    "quantity": 0.5,
    "unitPrice": 26
  },
  {
    "name": "Raspberry Duo Cupcakes 4 pack",
    "url": "https://www.coles.com.au/product/coles-raspberry-duo-cupcakes-4-pack-288g-6282572",
    "img": "https://productimages.coles.com.au/productimages/6/6282572.jpg",
    "price": 7.5,
    "quantity": 0.288,
    "unitPrice": 26
  },
  {
    "name": "Choc Duo Cupcakes 4 pack",
    "url": "https://www.coles.com.au/product/coles-choc-duo-cupcakes-4-pack-288g-6305973",
    "img": "https://productimages.coles.com.au/productimages/6/6305973.jpg",
    "price": 7.5,
    "quantity": 0.288,
    "unitPrice": 26
  },
  {
    "name": "Thawed Raw Black Tiger Prawns",
    "url": "https://www.coles.com.au/product/coles-deli-thawed-raw-black-tiger-prawns-approx.-250g-3954674",
    "img": "https://productimages.coles.com.au/productimages/3/3954674.jpg",
    "price": 6.5,
    "quantity": 0.25,
    "unitPrice": 26
  },
  {
    "name": "Liverwurst Latvian",
    "url": "https://www.coles.com.au/product/don-liverwurst-latvian-100g-9363954",
    "img": "https://productimages.coles.com.au/productimages/9/9363954.jpg",
    "price": 2.6,
    "quantity": 0.1,
    "unitPrice": 26
  },
  {
    "name": "Cous Cous Sundried Tomato & Garlic",
    "url": "https://www.coles.com.au/product/ainsley-harriott-cous-cous-sundried-tomato-&-garlic-100g-3533031",
    "img": "https://productimages.coles.com.au/productimages/3/3533031.jpg",
    "price": 2.6,
    "quantity": 0.1,
    "unitPrice": 26
  },
  {
    "name": "Moroccan Medley Cous Cous",
    "url": "https://www.coles.com.au/product/ainsley-harriott-moroccan-medley-cous-cous-100g-7448604",
    "img": "https://productimages.coles.com.au/productimages/7/7448604.jpg",
    "price": 2.6,
    "quantity": 0.1,
    "unitPrice": 26
  },
  {
    "name": "Cous Cous Roasted Vegetable",
    "url": "https://www.coles.com.au/product/ainsley-harriott-cous-cous-roasted-vegetable-100g-7448615",
    "img": "https://productimages.coles.com.au/productimages/7/7448615.jpg",
    "price": 2.6,
    "quantity": 0.1,
    "unitPrice": 26
  },
  {
    "name": "Cous Cous Sundried Tomato & Garlic",
    "url": "https://www.coles.com.au/product/ainsley-harriott-cous-cous-sundried-tomato-&-garlic-100g-3533031",
    "img": "https://productimages.coles.com.au/productimages/3/3533031.jpg",
    "price": 2.6,
    "quantity": 0.1,
    "unitPrice": 26
  },
  {
    "name": "Moroccan Medley Cous Cous",
    "url": "https://www.coles.com.au/product/ainsley-harriott-moroccan-medley-cous-cous-100g-7448604",
    "img": "https://productimages.coles.com.au/productimages/7/7448604.jpg",
    "price": 2.6,
    "quantity": 0.1,
    "unitPrice": 26
  },
  {
    "name": "Cous Cous Roasted Vegetable",
    "url": "https://www.coles.com.au/product/ainsley-harriott-cous-cous-roasted-vegetable-100g-7448615",
    "img": "https://productimages.coles.com.au/productimages/7/7448615.jpg",
    "price": 2.6,
    "quantity": 0.1,
    "unitPrice": 26
  },
  {
    "name": "Italian Blend Ground Coffee",
    "url": "https://www.coles.com.au/product/vittoria-italian-blend-ground-coffee-500g-3208347",
    "img": "https://productimages.coles.com.au/productimages/3/3208347.jpg",
    "price": 13,
    "quantity": 0.5,
    "unitPrice": 26
  },
  {
    "name": "Organic Espresso Coffee Beans",
    "url": "https://www.coles.com.au/product/vittoria-organic-espresso-coffee-beans-1kg-2002095",
    "img": "https://productimages.coles.com.au/productimages/2/2002095.jpg",
    "price": 26,
    "quantity": 1,
    "unitPrice": 26
  },
  {
    "name": "Mountain Grown Coffee Beans",
    "url": "https://www.coles.com.au/product/vittoria-mountain-grown-coffee-beans-1kg-8686572",
    "img": "https://productimages.coles.com.au/productimages/8/8686572.jpg",
    "price": 26,
    "quantity": 1,
    "unitPrice": 26
  },
  {
    "name": "Mountain Grown Ground Coffee",
    "url": "https://www.coles.com.au/product/vittoria-mountain-grown-ground-coffee-1kg-9180375",
    "img": "https://productimages.coles.com.au/productimages/9/9180375.jpg",
    "price": 26,
    "quantity": 1,
    "unitPrice": 26
  },
  {
    "name": "Himalayan Pink Fine Salt Shaker",
    "url": "https://www.coles.com.au/product/coles-himalayan-pink-fine-salt-shaker-125g-3775959",
    "img": "https://productimages.coles.com.au/productimages/3/3775959.jpg",
    "price": 3.2,
    "quantity": 0.125,
    "unitPrice": 26
  },
  {
    "name": "Pink Salt Grinder",
    "url": "https://www.coles.com.au/product/coles-pink-salt-grinder-250g-3748800",
    "img": "https://productimages.coles.com.au/productimages/3/3748800.jpg",
    "price": 6.5,
    "quantity": 0.25,
    "unitPrice": 26
  },
  {
    "name": "Sea Salt Grinder",
    "url": "https://www.coles.com.au/product/coles-sea-salt-grinder-250g-3748821",
    "img": "https://productimages.coles.com.au/productimages/3/3748821.jpg",
    "price": 6.5,
    "quantity": 0.25,
    "unitPrice": 26
  },
  {
    "name": "Cinnamon Sugar",
    "url": "https://www.coles.com.au/product/coles-cinnamon-sugar-73g-8983523",
    "img": "https://productimages.coles.com.au/productimages/8/8983523.jpg",
    "price": 1.9,
    "quantity": 0.073,
    "unitPrice": 26
  },
  {
    "name": "Chocolate Mallowpuffs Biscuits",
    "url": "https://www.coles.com.au/product/griffins-chocolate-mallowpuffs-biscuits-200g-6961870",
    "img": "https://productimages.coles.com.au/productimages/6/6961870.jpg",
    "price": 5.2,
    "quantity": 0.2,
    "unitPrice": 26
  },
  {
    "name": "Almond Crescents Kourambies Greek Biscuits",
    "url": "https://www.coles.com.au/product/olympian-almond-crescents-kourambies-greek-biscuits-250g-2034230",
    "img": "https://productimages.coles.com.au/productimages/2/2034230.jpg",
    "price": 6.5,
    "quantity": 0.25,
    "unitPrice": 26
  },
  {
    "name": "Made Easy Beef Stroganoff With Creamy Sauce",
    "url": "https://www.coles.com.au/product/coles-made-easy-beef-stroganoff-with-creamy-sauce-500g-6413681",
    "img": "https://productimages.coles.com.au/productimages/6/6413681.jpg",
    "price": 13,
    "quantity": 0.5,
    "unitPrice": 26
  },
  {
    "name": "Thawed Raw Black Tiger Prawns",
    "url": "https://www.coles.com.au/product/coles-deli-thawed-raw-black-tiger-prawns-approx.-250g-3954674",
    "img": "https://productimages.coles.com.au/productimages/3/3954674.jpg",
    "price": 6.5,
    "quantity": 0.25,
    "unitPrice": 26
  },
  {
    "name": "Thawed Raw Black Tiger Prawns",
    "url": "https://www.coles.com.au/product/coles-deli-thawed-raw-black-tiger-prawns-approx.-250g-3954674",
    "img": "https://productimages.coles.com.au/productimages/3/3954674.jpg",
    "price": 6.5,
    "quantity": 0.25,
    "unitPrice": 26
  },
  {
    "name": "Mainland Organic Spreadable Butter",
    "url": "https://www.woolworths.com.au/shop/productdetails/899791",
    "img": "https://cdn0.woolworths.media/content/wowproductimages/medium/899791.jpg",
    "price": 6.5,
    "quantity": 0.25,
    "unitPrice": 26
  },
  {
    "name": "Woolworths Thawed Medium Cooked Tiger Prawns",
    "url": "https://www.woolworths.com.au/shop/productdetails/66384",
    "img": "https://cdn0.woolworths.media/content/wowproductimages/medium/066384.jpg",
    "price": 26,
    "quantity": 1,
    "unitPrice": 26
  },
  {
    "name": "Woolworths Plantitude Vegan Belgian Dark Chocolate Cake",
    "url": "https://www.woolworths.com.au/shop/productdetails/54783",
    "img": "https://cdn0.woolworths.media/content/wowproductimages/medium/054783.jpg",
    "price": 6.5,
    "quantity": 0.25,
    "unitPrice": 26
  },
  {
    "name": "Macro Grass Fed Australian Stir-fry Beef",
    "url": "https://www.woolworths.com.au/shop/productdetails/175569",
    "img": "https://cdn0.woolworths.media/content/wowproductimages/medium/175569.jpg",
    "price": 13,
    "quantity": 0.5,
    "unitPrice": 26
  },
  {
    "name": "Woolworths Cook Roast Beef With Onion & Garlic Gravy",
    "url": "https://www.woolworths.com.au/shop/productdetails/428204",
    "img": "https://cdn0.woolworths.media/content/wowproductimages/medium/428204.jpg",
    "price": 13,
    "quantity": 0.5,
    "unitPrice": 26
  },
  {
    "name": "Macro Grass Fed Australian Diced Beef",
    "url": "https://www.woolworths.com.au/shop/productdetails/175568",
    "img": "https://cdn0.woolworths.media/content/wowproductimages/medium/175568.jpg",
    "price": 13,
    "quantity": 0.5,
    "unitPrice": 26
  },
  {
    "name": "Primo Rindless Middle Bacon",
    "url": "https://www.woolworths.com.au/shop/productdetails/694706",
    "img": "https://cdn0.woolworths.media/content/wowproductimages/medium/694706.jpg",
    "price": 13,
    "quantity": 0.5,
    "unitPrice": 26
  },
  {
    "name": "Woolworths Himalayan Pink Salt Fine Cut Shaker",
    "url": "https://www.woolworths.com.au/shop/productdetails/476440",
    "img": "https://cdn0.woolworths.media/content/wowproductimages/medium/476440.jpg",
    "price": 3.2,
    "quantity": 0.125,
    "unitPrice": 26
  },
  {
    "name": "Batter Brothers Beer Batter Original Mix",
    "url": "https://www.woolworths.com.au/shop/productdetails/167241",
    "img": "https://cdn0.woolworths.media/content/wowproductimages/medium/167241.jpg",
    "price": 5,
    "quantity": 0.19,
    "unitPrice": 26
  },
  {
    "name": "Frank's Redhot Buffalo Wings Hot Sauce",
    "url": "https://www.woolworths.com.au/shop/productdetails/61704",
    "img": "https://cdn0.woolworths.media/content/wowproductimages/medium/061704.jpg",
    "price": 3.8,
    "quantity": 0.148,
    "unitPrice": 26
  },
  {
    "name": "Rosella Organic Sweet Chilli Sauce",
    "url": "https://www.woolworths.com.au/shop/productdetails/97102",
    "img": "https://cdn0.woolworths.media/content/wowproductimages/medium/097102.jpg",
    "price": 6.5,
    "quantity": 0.25,
    "unitPrice": 26
  },
  {
    "name": "Rosella Organic Barbeque Sauce Smoky & Spicy",
    "url": "https://www.woolworths.com.au/shop/productdetails/242135",
    "img": "https://cdn0.woolworths.media/content/wowproductimages/medium/242135.jpg",
    "price": 6.5,
    "quantity": 0.25,
    "unitPrice": 26
  },
  {
    "name": "Rosella Organic Tomato Sauce",
    "url": "https://www.woolworths.com.au/shop/productdetails/95779",
    "img": "https://cdn0.woolworths.media/content/wowproductimages/medium/095779.jpg",
    "price": 6.5,
    "quantity": 0.25,
    "unitPrice": 26
  },
  {
    "name": "Valcom Stir Fry Sauce Thai Basil Chilli",
    "url": "https://www.woolworths.com.au/shop/productdetails/360270",
    "img": "https://cdn0.woolworths.media/content/wowproductimages/medium/360270.jpg",
    "price": 2.6,
    "quantity": 0.1,
    "unitPrice": 26
  },
  {
    "name": "Valcom Thai Basil Fried Rice Stir Fry Sauce",
    "url": "https://www.woolworths.com.au/shop/productdetails/348554",
    "img": "https://cdn0.woolworths.media/content/wowproductimages/medium/348554.jpg",
    "price": 2.6,
    "quantity": 0.1,
    "unitPrice": 26
  },
  {
    "name": "Macro Almond Kernels",
    "url": "https://www.woolworths.com.au/shop/productdetails/355118",
    "img": "https://cdn0.woolworths.media/content/wowproductimages/medium/355118.jpg",
    "price": 13,
    "quantity": 0.5,
    "unitPrice": 26
  },
  {
    "name": "Dutch Edam",
    "url": "https://www.coles.com.au/product/coles-dutch-edam-230g-3796380",
    "img": "https://productimages.coles.com.au/productimages/3/3796380.jpg",
    "price": 6,
    "quantity": 0.23,
    "unitPrice": 26.09
  },
  {
    "name": "Mint Sauce",
    "url": "https://www.coles.com.au/product/colman's-mint-sauce-165g-2931946",
    "img": "https://productimages.coles.com.au/productimages/2/2931946.jpg",
    "price": 4.3,
    "quantity": 0.165,
    "unitPrice": 26.1
  },
  {
    "name": "Woolworths Beef Rump Steak Medium",
    "url": "https://www.woolworths.com.au/shop/productdetails/675318",
    "img": "https://cdn0.woolworths.media/content/wowproductimages/medium/675318.jpg",
    "price": 19.6,
    "quantity": 0.75,
    "unitPrice": 26.13
  },
  {
    "name": "Creamy Ranch Salad Bowl",
    "url": "https://www.coles.com.au/product/coles-creamy-ranch-salad-bowl-210g-4878120",
    "img": "https://productimages.coles.com.au/productimages/4/4878120.jpg",
    "price": 5.5,
    "quantity": 0.21,
    "unitPrice": 26.19
  },
  {
    "name": "Sundried Tomato Fetta Salad",
    "url": "https://www.coles.com.au/product/salad-fresh-sundried-tomato-fetta-salad-210g-5519392",
    "img": "https://productimages.coles.com.au/productimages/5/5519392.jpg",
    "price": 5.5,
    "quantity": 0.21,
    "unitPrice": 26.19
  },
  {
    "name": "John West Salmon Pink",
    "url": "https://www.woolworths.com.au/shop/productdetails/33920",
    "img": "https://cdn0.woolworths.media/content/wowproductimages/medium/033920.jpg",
    "price": 5.5,
    "quantity": 0.21,
    "unitPrice": 26.19
  },
  {
    "name": "King Oscar Sardines Olive Oil",
    "url": "https://www.woolworths.com.au/shop/productdetails/53629",
    "img": "https://cdn0.woolworths.media/content/wowproductimages/medium/053629.jpg",
    "price": 2.75,
    "quantity": 0.105,
    "unitPrice": 26.19
  },
  {
    "name": "Eat Well BBQ Pulled Pork With Sweet Potato Broccoli",
    "url": "https://www.coles.com.au/product/coles-eat-well-bbq-pulled-pork-with-sweet-potato-broccoli-340g-6479227",
    "img": "https://productimages.coles.com.au/productimages/6/6479227.jpg",
    "price": 8.9,
    "quantity": 0.34,
    "unitPrice": 26.2
  },
  {
    "name": "Eat Well Beef Ragu Pumpkin Gnocchi",
    "url": "https://www.coles.com.au/product/coles-eat-well-beef-ragu-pumpkin-gnocchi-340g-6479293",
    "img": "https://productimages.coles.com.au/productimages/6/6479293.jpg",
    "price": 8.9,
    "quantity": 0.34,
    "unitPrice": 26.2
  },
  {
    "name": "70% Lower Carb Wraps White 5 Pack",
    "url": "https://www.coles.com.au/product/coles-70%-lower-carb-wraps-white-5-pack-210g-4862414",
    "img": "https://productimages.coles.com.au/productimages/4/4862414.jpg",
    "price": 5.5,
    "quantity": 0.21,
    "unitPrice": 26.2
  },
  {
    "name": "Bulgogi Udon Bowl",
    "url": "https://www.coles.com.au/product/wang-bulgogi-udon-bowl-229g-6146927",
    "img": "https://productimages.coles.com.au/productimages/6/6146927.jpg",
    "price": 6,
    "quantity": 0.229,
    "unitPrice": 26.2
  },
  {
    "name": "Meal Kit Pad Thai Noodles",
    "url": "https://www.coles.com.au/product/mr-chen's-meal-kit-pad-thai-noodles-324g-7362430",
    "img": "https://productimages.coles.com.au/productimages/7/7362430.jpg",
    "price": 8.5,
    "quantity": 0.324,
    "unitPrice": 26.2
  },
  {
    "name": "Meal Kit Pad Thai Noodles",
    "url": "https://www.coles.com.au/product/mr-chen's-meal-kit-pad-thai-noodles-324g-7362430",
    "img": "https://productimages.coles.com.au/productimages/7/7362430.jpg",
    "price": 8.5,
    "quantity": 0.324,
    "unitPrice": 26.2
  },
  {
    "name": "Smallgoods Cheese Kransky Chipolata",
    "url": "https://www.coles.com.au/product/gotzinger-smallgoods-cheese-kransky-chipolata-400g-1960086",
    "img": "https://productimages.coles.com.au/productimages/1/1960086.jpg",
    "price": 10.5,
    "quantity": 0.4,
    "unitPrice": 26.25
  },
  {
    "name": "Smallgoods Cheese Kransky Chipolata",
    "url": "https://www.coles.com.au/product/gotzinger-smallgoods-cheese-kransky-chipolata-400g-1960086",
    "img": "https://productimages.coles.com.au/productimages/1/1960086.jpg",
    "price": 10.5,
    "quantity": 0.4,
    "unitPrice": 26.25
  },
  {
    "name": "Frozen Sweet Chilli Chicken Breast Tenders",
    "url": "https://www.coles.com.au/product/steggles-frozen-sweet-chilli-chicken-breast-tenders-400g-2719952",
    "img": "https://productimages.coles.com.au/productimages/2/2719952.jpg",
    "price": 10.5,
    "quantity": 0.4,
    "unitPrice": 26.25
  },
  {
    "name": "Frozen Southern Style Chicken Breast Tenders ",
    "url": "https://www.coles.com.au/product/steggles-frozen-southern-style-chicken-breast-tenders--400g-2719963",
    "img": "https://productimages.coles.com.au/productimages/2/2719963.jpg",
    "price": 10.5,
    "quantity": 0.4,
    "unitPrice": 26.25
  },
  {
    "name": "Frozen Hot & Spicy Chicken Breast Tenders",
    "url": "https://www.coles.com.au/product/steggles-frozen-hot-&-spicy-chicken-breast-tenders-400g-2719974",
    "img": "https://productimages.coles.com.au/productimages/2/2719974.jpg",
    "price": 10.5,
    "quantity": 0.4,
    "unitPrice": 26.25
  },
  {
    "name": "Frozen Crumbed Chicken Breast Tenders ",
    "url": "https://www.coles.com.au/product/steggles-frozen-crumbed-chicken-breast-tenders--400g-8434627",
    "img": "https://productimages.coles.com.au/productimages/8/8434627.jpg",
    "price": 10.5,
    "quantity": 0.4,
    "unitPrice": 26.25
  },
  {
    "name": "Frozen Sweet Chilli Chicken Breast Tenders",
    "url": "https://www.coles.com.au/product/steggles-frozen-sweet-chilli-chicken-breast-tenders-400g-2719952",
    "img": "https://productimages.coles.com.au/productimages/2/2719952.jpg",
    "price": 10.5,
    "quantity": 0.4,
    "unitPrice": 26.25
  },
  {
    "name": "Frozen Southern Style Chicken Breast Tenders ",
    "url": "https://www.coles.com.au/product/steggles-frozen-southern-style-chicken-breast-tenders--400g-2719963",
    "img": "https://productimages.coles.com.au/productimages/2/2719963.jpg",
    "price": 10.5,
    "quantity": 0.4,
    "unitPrice": 26.25
  },
  {
    "name": "Frozen Hot & Spicy Chicken Breast Tenders",
    "url": "https://www.coles.com.au/product/steggles-frozen-hot-&-spicy-chicken-breast-tenders-400g-2719974",
    "img": "https://productimages.coles.com.au/productimages/2/2719974.jpg",
    "price": 10.5,
    "quantity": 0.4,
    "unitPrice": 26.25
  },
  {
    "name": "Frozen Crumbed Chicken Breast Tenders ",
    "url": "https://www.coles.com.au/product/steggles-frozen-crumbed-chicken-breast-tenders--400g-8434627",
    "img": "https://productimages.coles.com.au/productimages/8/8434627.jpg",
    "price": 10.5,
    "quantity": 0.4,
    "unitPrice": 26.25
  },
  {
    "name": "Fruit Collection Ice Cream Mini Cups 4 Pack",
    "url": "https://www.coles.com.au/product/haagen-dazs-fruit-collection-ice-cream-mini-cups-4-pack-380ml-3944058",
    "img": "https://productimages.coles.com.au/productimages/3/3944058.jpg",
    "price": 10,
    "quantity": 0.38,
    "unitPrice": 26.3
  },
  {
    "name": "Fruit Collection Ice Cream Mini Cups 4 Pack",
    "url": "https://www.coles.com.au/product/haagen-dazs-fruit-collection-ice-cream-mini-cups-4-pack-380ml-3944058",
    "img": "https://productimages.coles.com.au/productimages/3/3944058.jpg",
    "price": 10,
    "quantity": 0.38,
    "unitPrice": 26.3
  },
  {
    "name": "Barilla Pesto Genovese Pasta Sauce Alla Genovese",
    "url": "https://www.woolworths.com.au/shop/productdetails/3466",
    "img": "https://cdn0.woolworths.media/content/wowproductimages/medium/003466.jpg",
    "price": 5,
    "quantity": 0.19,
    "unitPrice": 26.3
  },
  {
    "name": "Barilla Pesto Basil With Chilli",
    "url": "https://www.woolworths.com.au/shop/productdetails/240756",
    "img": "https://cdn0.woolworths.media/content/wowproductimages/medium/240756.jpg",
    "price": 5,
    "quantity": 0.19,
    "unitPrice": 26.3
  },
  {
    "name": "Frozen Steam Fresh Fish Fillets With Parsley & Citrus Sauce 2 Pack",
    "url": "https://www.coles.com.au/product/birds-eye-frozen-steam-fresh-fish-fillets-with-parsley-&-citrus-sauce-2-pack-380g-3303508",
    "img": "https://productimages.coles.com.au/productimages/3/3303508.jpg",
    "price": 10,
    "quantity": 0.38,
    "unitPrice": 26.32
  },
  {
    "name": "Frozen Steam Fresh Fish Fillets With Thai Red Curry Sauce 2 Pack",
    "url": "https://www.coles.com.au/product/birds-eye-frozen-steam-fresh-fish-fillets-with-thai-red-curry-sauce-2-pack-380g-3303519",
    "img": "https://productimages.coles.com.au/productimages/3/3303519.jpg",
    "price": 10,
    "quantity": 0.38,
    "unitPrice": 26.32
  },
  {
    "name": "Steamfresh Fish Soy & Ginger",
    "url": "https://www.coles.com.au/product/birds-eye-steamfresh-fish-soy-&-ginger-380g-3868732",
    "img": "https://productimages.coles.com.au/productimages/3/3868732.jpg",
    "price": 10,
    "quantity": 0.38,
    "unitPrice": 26.32
  },
  {
    "name": "Frozen Steam Fresh Fish Fillets With Parsley & Citrus Sauce 2 Pack",
    "url": "https://www.coles.com.au/product/birds-eye-frozen-steam-fresh-fish-fillets-with-parsley-&-citrus-sauce-2-pack-380g-3303508",
    "img": "https://productimages.coles.com.au/productimages/3/3303508.jpg",
    "price": 10,
    "quantity": 0.38,
    "unitPrice": 26.32
  },
  {
    "name": "Frozen Steam Fresh Fish Fillets With Thai Red Curry Sauce 2 Pack",
    "url": "https://www.coles.com.au/product/birds-eye-frozen-steam-fresh-fish-fillets-with-thai-red-curry-sauce-2-pack-380g-3303519",
    "img": "https://productimages.coles.com.au/productimages/3/3303519.jpg",
    "price": 10,
    "quantity": 0.38,
    "unitPrice": 26.32
  },
  {
    "name": "Steamfresh Fish Soy & Ginger",
    "url": "https://www.coles.com.au/product/birds-eye-steamfresh-fish-soy-&-ginger-380g-3868732",
    "img": "https://productimages.coles.com.au/productimages/3/3868732.jpg",
    "price": 10,
    "quantity": 0.38,
    "unitPrice": 26.32
  },
  {
    "name": "Classic Guacamole Dip",
    "url": "https://www.coles.com.au/product/obela-classic-guacamole-dip-220g-2580342",
    "img": "https://productimages.coles.com.au/productimages/2/2580342.jpg",
    "price": 5.8,
    "quantity": 0.22,
    "unitPrice": 26.4
  },
  {
    "name": "Brioche Burger Buns",
    "url": "https://www.coles.com.au/product/la-fournee-doree-brioche-burger-buns-250g-4876281",
    "img": "https://productimages.coles.com.au/productimages/4/4876281.jpg",
    "price": 6.6,
    "quantity": 0.25,
    "unitPrice": 26.4
  },
  {
    "name": "Brioche Burger Buns With Sesame Seeds 4 Pack",
    "url": "https://www.coles.com.au/product/la-fournee-doree-brioche-burger-buns-with-sesame-seeds-4-pack-250g-4876394",
    "img": "https://productimages.coles.com.au/productimages/4/4876394.jpg",
    "price": 6.6,
    "quantity": 0.25,
    "unitPrice": 26.4
  },
  {
    "name": "Froot Loops 25% Less Sugar",
    "url": "https://www.coles.com.au/product/kellogg's-froot-loops-25%-less-sugar-265g-6733707",
    "img": "https://productimages.coles.com.au/productimages/6/6733707.jpg",
    "price": 7,
    "quantity": 0.265,
    "unitPrice": 26.4
  },
  {
    "name": "Froot Loops 25% Less Sugar",
    "url": "https://www.coles.com.au/product/kellogg's-froot-loops-25%-less-sugar-265g-6733707",
    "img": "https://productimages.coles.com.au/productimages/6/6733707.jpg",
    "price": 7,
    "quantity": 0.265,
    "unitPrice": 26.4
  },
  {
    "name": "Braised Beef Noodle Cup",
    "url": "https://www.coles.com.au/product/suimin-braised-beef-noodle-cup-70g-192364",
    "img": "https://productimages.coles.com.au/productimages/1/192364.jpg",
    "price": 1.85,
    "quantity": 0.07,
    "unitPrice": 26.4
  },
  {
    "name": "Prawn & Chicken Noodle Cup",
    "url": "https://www.coles.com.au/product/suimin-prawn-&-chicken-noodle-cup-70g-192386",
    "img": "https://productimages.coles.com.au/productimages/1/192386.jpg",
    "price": 1.85,
    "quantity": 0.07,
    "unitPrice": 26.4
  },
  {
    "name": "Curried Prawn Noodle Cup",
    "url": "https://www.coles.com.au/product/suimin-curried-prawn-noodle-cup-70g-202435",
    "img": "https://productimages.coles.com.au/productimages/2/202435.jpg",
    "price": 1.85,
    "quantity": 0.07,
    "unitPrice": 26.4
  },
  {
    "name": "Oriental Chicken Noodle Cup",
    "url": "https://www.coles.com.au/product/suimin-oriental-chicken-noodle-cup-70g-5224210",
    "img": "https://productimages.coles.com.au/productimages/5/5224210.jpg",
    "price": 1.85,
    "quantity": 0.07,
    "unitPrice": 26.4
  },
  {
    "name": "Hot & Spicy Noodle Cup",
    "url": "https://www.coles.com.au/product/suimin-hot-&-spicy-noodle-cup-70g-5566097",
    "img": "https://productimages.coles.com.au/productimages/5/5566097.jpg",
    "price": 1.85,
    "quantity": 0.07,
    "unitPrice": 26.4
  },
  {
    "name": "Chicken Noodle Noodle Cup",
    "url": "https://www.coles.com.au/product/suimin-chicken-noodle-noodle-cup-70g-6861445",
    "img": "https://productimages.coles.com.au/productimages/6/6861445.jpg",
    "price": 1.85,
    "quantity": 0.07,
    "unitPrice": 26.4
  },
  {
    "name": "Mi Goreng Noodle Cup",
    "url": "https://www.coles.com.au/product/suimin-mi-goreng-noodle-cup-70g-7588319",
    "img": "https://productimages.coles.com.au/productimages/7/7588319.jpg",
    "price": 1.85,
    "quantity": 0.07,
    "unitPrice": 26.4
  },
  {
    "name": "Braised Beef Noodle Cup",
    "url": "https://www.coles.com.au/product/suimin-braised-beef-noodle-cup-70g-192364",
    "img": "https://productimages.coles.com.au/productimages/1/192364.jpg",
    "price": 1.85,
    "quantity": 0.07,
    "unitPrice": 26.4
  },
  {
    "name": "Prawn & Chicken Noodle Cup",
    "url": "https://www.coles.com.au/product/suimin-prawn-&-chicken-noodle-cup-70g-192386",
    "img": "https://productimages.coles.com.au/productimages/1/192386.jpg",
    "price": 1.85,
    "quantity": 0.07,
    "unitPrice": 26.4
  },
  {
    "name": "Curried Prawn Noodle Cup",
    "url": "https://www.coles.com.au/product/suimin-curried-prawn-noodle-cup-70g-202435",
    "img": "https://productimages.coles.com.au/productimages/2/202435.jpg",
    "price": 1.85,
    "quantity": 0.07,
    "unitPrice": 26.4
  },
  {
    "name": "Oriental Chicken Noodle Cup",
    "url": "https://www.coles.com.au/product/suimin-oriental-chicken-noodle-cup-70g-5224210",
    "img": "https://productimages.coles.com.au/productimages/5/5224210.jpg",
    "price": 1.85,
    "quantity": 0.07,
    "unitPrice": 26.4
  },
  {
    "name": "Ice Cream Mini Salted Caramel & Macadamia 6 Pack",
    "url": "https://www.coles.com.au/product/connoisseur-ice-cream-mini-salted-caramel-&-macadamia-6-pack-360ml-1745389",
    "img": "https://productimages.coles.com.au/productimages/1/1745389.jpg",
    "price": 9.5,
    "quantity": 0.36,
    "unitPrice": 26.4
  },
  {
    "name": "Dairy Milk Ice Cream 4 pack",
    "url": "https://www.coles.com.au/product/cadbury-dairy-milk-ice-cream-4-pack-360ml-3880603",
    "img": "https://productimages.coles.com.au/productimages/3/3880603.jpg",
    "price": 9.5,
    "quantity": 0.36,
    "unitPrice": 26.4
  },
  {
    "name": "Dairy Milk Hazelnut Ice Cream 4 pack",
    "url": "https://www.coles.com.au/product/cadbury-dairy-milk-hazelnut-ice-cream-4-pack-360ml-3880862",
    "img": "https://productimages.coles.com.au/productimages/3/3880862.jpg",
    "price": 9.5,
    "quantity": 0.36,
    "unitPrice": 26.4
  },
  {
    "name": "Plant Based Vanilla Brownie 4 Pack",
    "url": "https://www.coles.com.au/product/connoisseur-plant-based-vanilla-brownie-4-pack-360ml-3883973",
    "img": "https://productimages.coles.com.au/productimages/3/3883973.jpg",
    "price": 9.5,
    "quantity": 0.36,
    "unitPrice": 26.4
  },
  {
    "name": "Ice Cream Mini Cookies & Cream 6 Pack",
    "url": "https://www.coles.com.au/product/connoisseur-ice-cream-mini-cookies-&-cream-6-pack-360ml-3948285",
    "img": "https://productimages.coles.com.au/productimages/3/3948285.jpg",
    "price": 9.5,
    "quantity": 0.36,
    "unitPrice": 26.4
  },
  {
    "name": "Caramilk Ice Cream 4 Pack",
    "url": "https://www.coles.com.au/product/cadbury-caramilk-ice-cream-4-pack-360ml-4233259",
    "img": "https://productimages.coles.com.au/productimages/4/4233259.jpg",
    "price": 9.5,
    "quantity": 0.36,
    "unitPrice": 26.4
  },
  {
    "name": "Dairy Milk Ice Cream Caramello 4 pack",
    "url": "https://www.coles.com.au/product/cadbury-dairy-milk-ice-cream-caramello-4-pack-360ml-5018615",
    "img": "https://productimages.coles.com.au/productimages/5/5018615.jpg",
    "price": 9.5,
    "quantity": 0.36,
    "unitPrice": 26.4
  },
  {
    "name": "Ice Cream Rocky Road 4 Pack",
    "url": "https://www.coles.com.au/product/connoisseur-ice-cream-rocky-road-4-pack-360ml-5488506",
    "img": "https://productimages.coles.com.au/productimages/5/5488506.jpg",
    "price": 9.5,
    "quantity": 0.36,
    "unitPrice": 26.4
  },
  {
    "name": "Ice Cream Salted Pretzel 4 Pack",
    "url": "https://www.coles.com.au/product/connoisseur-ice-cream-salted-pretzel-4-pack-360ml-5488528",
    "img": "https://productimages.coles.com.au/productimages/5/5488528.jpg",
    "price": 9.5,
    "quantity": 0.36,
    "unitPrice": 26.4
  },
  {
    "name": "Ice Cream Golden Blondie 4 Pack",
    "url": "https://www.coles.com.au/product/connoisseur-ice-cream-golden-blondie-4-pack-360ml-7082900",
    "img": "https://productimages.coles.com.au/productimages/7/7082900.jpg",
    "price": 9.5,
    "quantity": 0.36,
    "unitPrice": 26.4
  },
  {
    "name": "Ice Cream Triple Choc 4 Pack",
    "url": "https://www.coles.com.au/product/connoisseur-ice-cream-triple-choc-4-pack-360ml-7084111",
    "img": "https://productimages.coles.com.au/productimages/7/7084111.jpg",
    "price": 9.5,
    "quantity": 0.36,
    "unitPrice": 26.4
  },
  {
    "name": "Ice Cream Mini Salted Caramel & Macadamia 6 Pack",
    "url": "https://www.coles.com.au/product/connoisseur-ice-cream-mini-salted-caramel-&-macadamia-6-pack-360ml-1745389",
    "img": "https://productimages.coles.com.au/productimages/1/1745389.jpg",
    "price": 9.5,
    "quantity": 0.36,
    "unitPrice": 26.4
  },
  {
    "name": "Dairy Milk Ice Cream 4 pack",
    "url": "https://www.coles.com.au/product/cadbury-dairy-milk-ice-cream-4-pack-360ml-3880603",
    "img": "https://productimages.coles.com.au/productimages/3/3880603.jpg",
    "price": 9.5,
    "quantity": 0.36,
    "unitPrice": 26.4
  },
  {
    "name": "Dairy Milk Hazelnut Ice Cream 4 pack",
    "url": "https://www.coles.com.au/product/cadbury-dairy-milk-hazelnut-ice-cream-4-pack-360ml-3880862",
    "img": "https://productimages.coles.com.au/productimages/3/3880862.jpg",
    "price": 9.5,
    "quantity": 0.36,
    "unitPrice": 26.4
  },
  {
    "name": "Plant Based Vanilla Brownie 4 Pack",
    "url": "https://www.coles.com.au/product/connoisseur-plant-based-vanilla-brownie-4-pack-360ml-3883973",
    "img": "https://productimages.coles.com.au/productimages/3/3883973.jpg",
    "price": 9.5,
    "quantity": 0.36,
    "unitPrice": 26.4
  },
  {
    "name": "Woolworths 100% Canadian Maple Syrup",
    "url": "https://www.woolworths.com.au/shop/productdetails/298476",
    "img": "https://cdn0.woolworths.media/content/wowproductimages/medium/298476.jpg",
    "price": 6.6,
    "quantity": 0.25,
    "unitPrice": 26.4
  },
  {
    "name": "Kellogg's Froot Loops 25% Less Sugar",
    "url": "https://www.woolworths.com.au/shop/productdetails/341514",
    "img": "https://cdn0.woolworths.media/content/wowproductimages/medium/341514.jpg",
    "price": 7,
    "quantity": 0.265,
    "unitPrice": 26.4
  },
  {
    "name": "Lucky Crumbed Walnuts",
    "url": "https://www.woolworths.com.au/shop/productdetails/289996",
    "img": "https://cdn0.woolworths.media/content/wowproductimages/medium/289996.jpg",
    "price": 3.3,
    "quantity": 0.125,
    "unitPrice": 26.4
  },
  {
    "name": "Herbs & Garlic In Oil Marinated Fetta",
    "url": "https://www.coles.com.au/product/castello-herbs-&-garlic-in-oil-marinated-fetta-265g-3842932",
    "img": "https://productimages.coles.com.au/productimages/3/3842932.jpg",
    "price": 7,
    "quantity": 0.265,
    "unitPrice": 26.42
  },
  {
    "name": "Crisco Vegetable Shortening 3Lbs 1.36kg",
    "url": "https://www.woolworths.com.au/shop/productdetails/1074599672",
    "img": "https://cdn0.woolworths.media/content/wowproductimages/medium/1074599672.jpg",
    "price": 35.99,
    "quantity": 1.36,
    "unitPrice": 26.46
  },
  {
    "name": "Goulburn Valley Peaches In Juice  Fruit Cups In Juice",
    "url": "https://www.woolworths.com.au/shop/productdetails/591456",
    "img": "https://cdn0.woolworths.media/content/wowproductimages/medium/591456.jpg",
    "price": 4.5,
    "quantity": 0.17,
    "unitPrice": 26.47
  },
  {
    "name": "Goulburn Valley Two Fruits In Juice Fruit Cups In Juice",
    "url": "https://www.woolworths.com.au/shop/productdetails/591490",
    "img": "https://cdn0.woolworths.media/content/wowproductimages/medium/591490.jpg",
    "price": 4.5,
    "quantity": 0.17,
    "unitPrice": 26.47
  },
  {
    "name": "Dairy Fetta Basil Pesto",
    "url": "https://www.coles.com.au/product/riverina-dairy-fetta-basil-pesto-200g-4360846",
    "img": "https://productimages.coles.com.au/productimages/4/4360846.jpg",
    "price": 5.3,
    "quantity": 0.2,
    "unitPrice": 26.5
  },
  {
    "name": "Dairy Greek Style Fetta",
    "url": "https://www.coles.com.au/product/riverina-dairy-greek-style-fetta-200g-4360879",
    "img": "https://productimages.coles.com.au/productimages/4/4360879.jpg",
    "price": 5.3,
    "quantity": 0.2,
    "unitPrice": 26.5
  },
  {
    "name": "Fetta Smooth",
    "url": "https://www.coles.com.au/product/riverina-dairy-fetta-smooth-200g-4961314",
    "img": "https://productimages.coles.com.au/productimages/4/4961314.jpg",
    "price": 5.3,
    "quantity": 0.2,
    "unitPrice": 26.5
  },
  {
    "name": "Kimchi Can",
    "url": "https://www.coles.com.au/product/obap-kimchi-can-200g-5659471",
    "img": "https://productimages.coles.com.au/productimages/5/5659471.jpg",
    "price": 5.3,
    "quantity": 0.2,
    "unitPrice": 26.5
  },
  {
    "name": "Lime Pickle Medium",
    "url": "https://www.coles.com.au/product/patak's-lime-pickle-medium-283g-9725090",
    "img": "https://productimages.coles.com.au/productimages/9/9725090.jpg",
    "price": 7.5,
    "quantity": 0.283,
    "unitPrice": 26.5
  },
  {
    "name": "Gluten Free Edamame Bean Organic Spaghetti",
    "url": "https://www.coles.com.au/product/slendier-gluten-free-edamame-bean-organic-spaghetti-200g-3405257",
    "img": "https://productimages.coles.com.au/productimages/3/3405257.jpg",
    "price": 5.3,
    "quantity": 0.2,
    "unitPrice": 26.5
  },
  {
    "name": "Edamame Bean Organic Fettuccine",
    "url": "https://www.coles.com.au/product/slendier-edamame-bean-organic-fettuccine-200g-3609869",
    "img": "https://productimages.coles.com.au/productimages/3/3609869.jpg",
    "price": 5.3,
    "quantity": 0.2,
    "unitPrice": 26.5
  },
  {
    "name": "Frozen Ristorante Quattro Formaggi Pizza",
    "url": "https://www.coles.com.au/product/dr.-oetker-frozen-ristorante-quattro-formaggi-pizza-340g-7817904",
    "img": "https://productimages.coles.com.au/productimages/7/7817904.jpg",
    "price": 9,
    "quantity": 0.34,
    "unitPrice": 26.5
  },
  {
    "name": "Chipotle Chicken Quesadilla 2 Pack",
    "url": "https://www.coles.com.au/product/street-eats-chipotle-chicken-quesadilla-2-pack-300g-7033857",
    "img": "https://productimages.coles.com.au/productimages/7/7033857.jpg",
    "price": 7.95,
    "quantity": 0.3,
    "unitPrice": 26.5
  },
  {
    "name": "Eats Cheese & Beans Quesadilla 2 Pack",
    "url": "https://www.coles.com.au/product/street-eats-cheese-&-beans-quesadilla-2-pack-300g-7040987",
    "img": "https://productimages.coles.com.au/productimages/7/7040987.jpg",
    "price": 7.95,
    "quantity": 0.3,
    "unitPrice": 26.5
  },
  {
    "name": "Ocean Chef Salmon Portions Skin On",
    "url": "https://www.woolworths.com.au/shop/productdetails/763541",
    "img": "https://cdn0.woolworths.media/content/wowproductimages/medium/763541.jpg",
    "price": 26.5,
    "quantity": 1,
    "unitPrice": 26.5
  },
  {
    "name": "Ocean Chef Salmon Portions Mediterranean Style",
    "url": "https://www.woolworths.com.au/shop/productdetails/811474",
    "img": "https://cdn0.woolworths.media/content/wowproductimages/medium/811474.jpg",
    "price": 26.5,
    "quantity": 1,
    "unitPrice": 26.5
  },
  {
    "name": "Tropic Co Australian Raw Tiger Prawns Frozen",
    "url": "https://www.woolworths.com.au/shop/productdetails/214457",
    "img": "https://cdn0.woolworths.media/content/wowproductimages/medium/214457.jpg",
    "price": 26.5,
    "quantity": 1,
    "unitPrice": 26.5
  },
  {
    "name": "Slendier Edamame Bean Fettuccine",
    "url": "https://www.woolworths.com.au/shop/productdetails/147932",
    "img": "https://cdn0.woolworths.media/content/wowproductimages/medium/147932.jpg",
    "price": 5.3,
    "quantity": 0.2,
    "unitPrice": 26.5
  },
  {
    "name": "Bertocchi Premium Boneless Leg Ham Shaved From The Deli",
    "url": "https://www.woolworths.com.au/shop/productdetails/353946",
    "img": "https://cdn0.woolworths.media/content/wowproductimages/medium/353946.jpg",
    "price": 26.5,
    "quantity": 1,
    "unitPrice": 26.5
  },
  {
    "name": "Baby Oak Lettuce",
    "url": "https://www.coles.com.au/product/coles-baby-oak-lettuce-150g-5427352",
    "img": "https://productimages.coles.com.au/productimages/5/5427352.jpg",
    "price": 4,
    "quantity": 0.15,
    "unitPrice": 26.67
  },
  {
    "name": "Kitchen Made For Sharing Salad Kit Greek Style",
    "url": "https://www.coles.com.au/product/coles-kitchen-made-for-sharing-salad-kit-greek-style-300g-5486169",
    "img": "https://productimages.coles.com.au/productimages/5/5486169.jpg",
    "price": 8,
    "quantity": 0.3,
    "unitPrice": 26.67
  },
  {
    "name": "Sweet Chilli Pourover",
    "url": "https://www.coles.com.au/product/philadelphia-sweet-chilli-pourover-150g-3274487",
    "img": "https://productimages.coles.com.au/productimages/3/3274487.jpg",
    "price": 4,
    "quantity": 0.15,
    "unitPrice": 26.67
  },
  {
    "name": "Dairy Cognac Pate",
    "url": "https://www.coles.com.au/product/normandie-dairy-cognac-pate-150g-476420",
    "img": "https://productimages.coles.com.au/productimages/4/476420.jpg",
    "price": 4,
    "quantity": 0.15,
    "unitPrice": 26.67
  },
  {
    "name": "Portions Cream Cheese Original Spread",
    "url": "https://www.coles.com.au/product/philadelphia-portions-cream-cheese-original-spread-150g-5432035",
    "img": "https://productimages.coles.com.au/productimages/5/5432035.jpg",
    "price": 4,
    "quantity": 0.15,
    "unitPrice": 26.67
  },
  {
    "name": "Portions Cream Cheese Light Spread",
    "url": "https://www.coles.com.au/product/philadelphia-portions-cream-cheese-light-spread-150g-5432057",
    "img": "https://productimages.coles.com.au/productimages/5/5432057.jpg",
    "price": 4,
    "quantity": 0.15,
    "unitPrice": 26.67
  },
  {
    "name": "Dairy Black Pepper Pate",
    "url": "https://www.coles.com.au/product/normandie-dairy-black-pepper-pate-150g-5686317",
    "img": "https://productimages.coles.com.au/productimages/5/5686317.jpg",
    "price": 4,
    "quantity": 0.15,
    "unitPrice": 26.67
  },
  {
    "name": "Dairy Champagne Pate",
    "url": "https://www.coles.com.au/product/normandie-dairy-champagne-pate-150g-5686339",
    "img": "https://productimages.coles.com.au/productimages/5/5686339.jpg",
    "price": 4,
    "quantity": 0.15,
    "unitPrice": 26.67
  },
  {
    "name": "Pate Chicken Cointreau",
    "url": "https://www.coles.com.au/product/normandie-pate-chicken-cointreau-150g-5686394",
    "img": "https://productimages.coles.com.au/productimages/5/5686394.jpg",
    "price": 4,
    "quantity": 0.15,
    "unitPrice": 26.67
  },
  {
    "name": "Haloumi",
    "url": "https://www.coles.com.au/product/lemnos-haloumi-600g-4362580",
    "img": "https://productimages.coles.com.au/productimages/4/4362580.jpg",
    "price": 16,
    "quantity": 0.6,
    "unitPrice": 26.67
  },
  {
    "name": "Sweet Chilli Pourover",
    "url": "https://www.coles.com.au/product/philadelphia-sweet-chilli-pourover-150g-3274487",
    "img": "https://productimages.coles.com.au/productimages/3/3274487.jpg",
    "price": 4,
    "quantity": 0.15,
    "unitPrice": 26.67
  },
  {
    "name": "Dairy Cognac Pate",
    "url": "https://www.coles.com.au/product/normandie-dairy-cognac-pate-150g-476420",
    "img": "https://productimages.coles.com.au/productimages/4/476420.jpg",
    "price": 4,
    "quantity": 0.15,
    "unitPrice": 26.67
  },
  {
    "name": "Portions Cream Cheese Original Spread",
    "url": "https://www.coles.com.au/product/philadelphia-portions-cream-cheese-original-spread-150g-5432035",
    "img": "https://productimages.coles.com.au/productimages/5/5432035.jpg",
    "price": 4,
    "quantity": 0.15,
    "unitPrice": 26.67
  },
  {
    "name": "Portions Cream Cheese Light Spread",
    "url": "https://www.coles.com.au/product/philadelphia-portions-cream-cheese-light-spread-150g-5432057",
    "img": "https://productimages.coles.com.au/productimages/5/5432057.jpg",
    "price": 4,
    "quantity": 0.15,
    "unitPrice": 26.67
  },
  {
    "name": "Dairy Black Pepper Pate",
    "url": "https://www.coles.com.au/product/normandie-dairy-black-pepper-pate-150g-5686317",
    "img": "https://productimages.coles.com.au/productimages/5/5686317.jpg",
    "price": 4,
    "quantity": 0.15,
    "unitPrice": 26.67
  },
  {
    "name": "Dairy Champagne Pate",
    "url": "https://www.coles.com.au/product/normandie-dairy-champagne-pate-150g-5686339",
    "img": "https://productimages.coles.com.au/productimages/5/5686339.jpg",
    "price": 4,
    "quantity": 0.15,
    "unitPrice": 26.67
  },
  {
    "name": "Pate Chicken Cointreau",
    "url": "https://www.coles.com.au/product/normandie-pate-chicken-cointreau-150g-5686394",
    "img": "https://productimages.coles.com.au/productimages/5/5686394.jpg",
    "price": 4,
    "quantity": 0.15,
    "unitPrice": 26.67
  },
  {
    "name": "Haloumi",
    "url": "https://www.coles.com.au/product/lemnos-haloumi-600g-4362580",
    "img": "https://productimages.coles.com.au/productimages/4/4362580.jpg",
    "price": 16,
    "quantity": 0.6,
    "unitPrice": 26.67
  },
  {
    "name": "Hazelnuts",
    "url": "https://www.coles.com.au/product/coles-hazelnuts-150g-3017597",
    "img": "https://productimages.coles.com.au/productimages/3/3017597.jpg",
    "price": 4,
    "quantity": 0.15,
    "unitPrice": 26.67
  },
  {
    "name": "Ocean Blue Surimi Sea Sticks",
    "url": "https://www.woolworths.com.au/shop/productdetails/766473",
    "img": "https://cdn0.woolworths.media/content/wowproductimages/medium/766473.jpg",
    "price": 4,
    "quantity": 0.15,
    "unitPrice": 26.67
  },
  {
    "name": "Woolworths Cook Beef Pepper Steaks",
    "url": "https://www.woolworths.com.au/shop/productdetails/54241",
    "img": "https://cdn0.woolworths.media/content/wowproductimages/medium/054241.jpg",
    "price": 8,
    "quantity": 0.3,
    "unitPrice": 26.67
  },
  {
    "name": "Woolworths Cook  Slow Cooked Shanghai Style Pork Belly",
    "url": "https://www.woolworths.com.au/shop/productdetails/251644",
    "img": "https://cdn0.woolworths.media/content/wowproductimages/medium/251644.jpg",
    "price": 16,
    "quantity": 0.6,
    "unitPrice": 26.67
  },
  {
    "name": "Macro Free Range Pork Scotch Fillet Steak",
    "url": "https://www.woolworths.com.au/shop/productdetails/169852",
    "img": "https://cdn0.woolworths.media/content/wowproductimages/medium/169852.jpg",
    "price": 8,
    "quantity": 0.3,
    "unitPrice": 26.67
  },
  {
    "name": "Picon Creamy Spread Portions Cheese Spread",
    "url": "https://www.woolworths.com.au/shop/productdetails/237389",
    "img": "https://cdn0.woolworths.media/content/wowproductimages/medium/237389.jpg",
    "price": 3.2,
    "quantity": 0.12,
    "unitPrice": 26.67
  },
  {
    "name": "Woolworths Hazelnuts",
    "url": "https://www.woolworths.com.au/shop/productdetails/726353",
    "img": "https://cdn0.woolworths.media/content/wowproductimages/medium/726353.jpg",
    "price": 4,
    "quantity": 0.15,
    "unitPrice": 26.67
  },
  {
    "name": "Woolworths Roasted & Diced Almonds",
    "url": "https://www.woolworths.com.au/shop/productdetails/147615",
    "img": "https://cdn0.woolworths.media/content/wowproductimages/medium/147615.jpg",
    "price": 4,
    "quantity": 0.15,
    "unitPrice": 26.67
  },
  {
    "name": "Lucky Natural Almonds",
    "url": "https://www.woolworths.com.au/shop/productdetails/244374",
    "img": "https://cdn0.woolworths.media/content/wowproductimages/medium/244374.jpg",
    "price": 8,
    "quantity": 0.3,
    "unitPrice": 26.67
  },
  {
    "name": "Low Fat Passionfruit Yoghurt 4 Pack",
    "url": "https://www.coles.com.au/product/vaalia-low-fat-passionfruit-yoghurt-4-pack-150g-8009494",
    "img": "https://productimages.coles.com.au/productimages/8/8009494.jpg",
    "price": 4,
    "quantity": 0.15,
    "unitPrice": 26.7
  },
  {
    "name": "Gluten Free Curried Pumpkin & Spinach Veggie Bites",
    "url": "https://www.coles.com.au/product/yumi's-gluten-free-curried-pumpkin-&-spinach-veggie-bites-225g-2121990",
    "img": "https://productimages.coles.com.au/productimages/2/2121990.jpg",
    "price": 6,
    "quantity": 0.225,
    "unitPrice": 26.7
  },
  {
    "name": "Gluten Free Zucchini & Lentil Veggie Bites",
    "url": "https://www.coles.com.au/product/yumi's-gluten-free-zucchini-&-lentil-veggie-bites-225g-2122010",
    "img": "https://productimages.coles.com.au/productimages/2/2122010.jpg",
    "price": 6,
    "quantity": 0.225,
    "unitPrice": 26.7
  },
  {
    "name": "Meat-Free Roast Duck",
    "url": "https://www.coles.com.au/product/get-plant'd-meat-free-roast-duck-300g-6065916",
    "img": "https://productimages.coles.com.au/productimages/6/6065916.jpg",
    "price": 8,
    "quantity": 0.3,
    "unitPrice": 26.7
  },
  {
    "name": "Meat Free Roast Chicken",
    "url": "https://www.coles.com.au/product/get-plant'd-meat-free-roast-chicken-300g-6065927",
    "img": "https://productimages.coles.com.au/productimages/6/6065927.jpg",
    "price": 8,
    "quantity": 0.3,
    "unitPrice": 26.7
  },
  {
    "name": "Meat Free Roast Char Siu Pork",
    "url": "https://www.coles.com.au/product/get-plant'd-meat-free-roast-char-siu-pork-300g-6065971",
    "img": "https://productimages.coles.com.au/productimages/6/6065971.jpg",
    "price": 8,
    "quantity": 0.3,
    "unitPrice": 26.7
  },
  {
    "name": "Low Fat Passionfruit Yoghurt 4 Pack",
    "url": "https://www.coles.com.au/product/vaalia-low-fat-passionfruit-yoghurt-4-pack-150g-8009494",
    "img": "https://productimages.coles.com.au/productimages/8/8009494.jpg",
    "price": 4,
    "quantity": 0.15,
    "unitPrice": 26.7
  },
  {
    "name": "Gluten Free Curried Pumpkin & Spinach Veggie Bites",
    "url": "https://www.coles.com.au/product/yumi's-gluten-free-curried-pumpkin-&-spinach-veggie-bites-225g-2121990",
    "img": "https://productimages.coles.com.au/productimages/2/2121990.jpg",
    "price": 6,
    "quantity": 0.225,
    "unitPrice": 26.7
  },
  {
    "name": "Gluten Free Zucchini & Lentil Veggie Bites",
    "url": "https://www.coles.com.au/product/yumi's-gluten-free-zucchini-&-lentil-veggie-bites-225g-2122010",
    "img": "https://productimages.coles.com.au/productimages/2/2122010.jpg",
    "price": 6,
    "quantity": 0.225,
    "unitPrice": 26.7
  },
  {
    "name": "Meat-Free Roast Duck",
    "url": "https://www.coles.com.au/product/get-plant'd-meat-free-roast-duck-300g-6065916",
    "img": "https://productimages.coles.com.au/productimages/6/6065916.jpg",
    "price": 8,
    "quantity": 0.3,
    "unitPrice": 26.7
  },
  {
    "name": "Meat Free Roast Chicken",
    "url": "https://www.coles.com.au/product/get-plant'd-meat-free-roast-chicken-300g-6065927",
    "img": "https://productimages.coles.com.au/productimages/6/6065927.jpg",
    "price": 8,
    "quantity": 0.3,
    "unitPrice": 26.7
  },
  {
    "name": "Meat Free Roast Char Siu Pork",
    "url": "https://www.coles.com.au/product/get-plant'd-meat-free-roast-char-siu-pork-300g-6065971",
    "img": "https://productimages.coles.com.au/productimages/6/6065971.jpg",
    "price": 8,
    "quantity": 0.3,
    "unitPrice": 26.7
  },
  {
    "name": "60% Lower Carb Wrap White",
    "url": "https://www.coles.com.au/product/helga's-60%-lower-carb-wrap-white-225g-5862908",
    "img": "https://productimages.coles.com.au/productimages/5/5862908.jpg",
    "price": 6,
    "quantity": 0.225,
    "unitPrice": 26.7
  },
  {
    "name": "Hickory Smoked Rindless Middle Bacon",
    "url": "https://www.coles.com.au/product/primo-hickory-smoked-rindless-middle-bacon-approx.-100g-4304233",
    "img": "https://productimages.coles.com.au/productimages/4/4304233.jpg",
    "price": 2.67,
    "quantity": 0.1,
    "unitPrice": 26.7
  },
  {
    "name": "99% Sugar Free Low Carb Pancake Shake",
    "url": "https://www.coles.com.au/product/noshu-99%-sugar-free-low-carb-pancake-shake-240g-3765693",
    "img": "https://productimages.coles.com.au/productimages/3/3765693.jpg",
    "price": 6.4,
    "quantity": 0.24,
    "unitPrice": 26.7
  },
  {
    "name": "98% Sugar Free Buttermilk Pancake Mix",
    "url": "https://www.coles.com.au/product/noshu-98%-sugar-free-buttermilk-pancake-mix-240g-3997032",
    "img": "https://productimages.coles.com.au/productimages/3/3997032.jpg",
    "price": 6.4,
    "quantity": 0.24,
    "unitPrice": 26.7
  },
  {
    "name": "Hot & Spicy Noodle Cup",
    "url": "https://www.coles.com.au/product/indomie-hot-&-spicy-noodle-cup-75g-3993053",
    "img": "https://productimages.coles.com.au/productimages/3/3993053.jpg",
    "price": 2,
    "quantity": 0.075,
    "unitPrice": 26.7
  },
  {
    "name": "Mi Goreng Fried Noodle Cup",
    "url": "https://www.coles.com.au/product/indomie-mi-goreng-fried-noodle-cup-75g-8364420",
    "img": "https://productimages.coles.com.au/productimages/8/8364420.jpg",
    "price": 2,
    "quantity": 0.075,
    "unitPrice": 26.7
  },
  {
    "name": "Macaroni Cheese Pasta & Sauce Serves 3",
    "url": "https://www.coles.com.au/product/continental-macaroni-cheese-pasta-&-sauce-serves-3-105g-1416296",
    "img": "https://productimages.coles.com.au/productimages/1/1416296.jpg",
    "price": 2.8,
    "quantity": 0.105,
    "unitPrice": 26.7
  },
  {
    "name": "Chicken Noodle Soup Serves 4",
    "url": "https://www.coles.com.au/product/continental-chicken-noodle-soup-serves-4-45g-129335",
    "img": "https://productimages.coles.com.au/productimages/1/129335.jpg",
    "price": 1.2,
    "quantity": 0.045,
    "unitPrice": 26.7
  },
  {
    "name": "Gyoza Sauce",
    "url": "https://www.coles.com.au/product/kikkoman-gyoza-sauce-150ml-6144160",
    "img": "https://productimages.coles.com.au/productimages/6/6144160.jpg",
    "price": 4,
    "quantity": 0.15,
    "unitPrice": 26.7
  },
  {
    "name": "Dashi Tsuyu Sauce",
    "url": "https://www.coles.com.au/product/kikkoman-dashi-tsuyu-sauce-150ml-6144193",
    "img": "https://productimages.coles.com.au/productimages/6/6144193.jpg",
    "price": 4,
    "quantity": 0.15,
    "unitPrice": 26.7
  },
  {
    "name": "Premium Coconut Milk Powder 3 Pack",
    "url": "https://www.coles.com.au/product/ayam-premium-coconut-milk-powder-3-pack-150g-6801080",
    "img": "https://productimages.coles.com.au/productimages/6/6801080.jpg",
    "price": 4,
    "quantity": 0.15,
    "unitPrice": 26.7
  },
  {
    "name": "Croissant With Chocolate Cream Filling 6 Pack",
    "url": "https://www.coles.com.au/product/eurobisc-croissant-with-chocolate-cream-filling-6-pack-300g-3083139",
    "img": "https://productimages.coles.com.au/productimages/3/3083139.jpg",
    "price": 8,
    "quantity": 0.3,
    "unitPrice": 26.7
  },
  {
    "name": "Pure Sesame Oil",
    "url": "https://www.coles.com.au/product/changs-pure-sesame-oil-150ml-5099093",
    "img": "https://productimages.coles.com.au/productimages/5/5099093.jpg",
    "price": 4,
    "quantity": 0.15,
    "unitPrice": 26.7
  },
  {
    "name": "Extra Virgin Olive Classic",
    "url": "https://www.coles.com.au/product/cobram-estate-extra-virgin-olive-classic-750ml-4491469",
    "img": "https://productimages.coles.com.au/productimages/4/4491469.jpg",
    "price": 20,
    "quantity": 0.75,
    "unitPrice": 26.7
  },
  {
    "name": "Extra Virgin Olive Oil Light",
    "url": "https://www.coles.com.au/product/cobram-estate-extra-virgin-olive-oil-light-750ml-7452179",
    "img": "https://productimages.coles.com.au/productimages/7/7452179.jpg",
    "price": 20,
    "quantity": 0.75,
    "unitPrice": 26.7
  },
  {
    "name": "Extra Virgin Olive Oil Robust",
    "url": "https://www.coles.com.au/product/cobram-estate-extra-virgin-olive-oil-robust-750ml-8370400",
    "img": "https://productimages.coles.com.au/productimages/8/8370400.jpg",
    "price": 20,
    "quantity": 0.75,
    "unitPrice": 26.7
  },
  {
    "name": "Organic Frozen Blueberries",
    "url": "https://www.coles.com.au/product/oob-organic-frozen-blueberries-300g-3988654",
    "img": "https://productimages.coles.com.au/productimages/3/3988654.jpg",
    "price": 8,
    "quantity": 0.3,
    "unitPrice": 26.7
  },
  {
    "name": "Organic Frozen Mixed Berries",
    "url": "https://www.coles.com.au/product/oob-organic-frozen-mixed-berries-300g-3988687",
    "img": "https://productimages.coles.com.au/productimages/3/3988687.jpg",
    "price": 8,
    "quantity": 0.3,
    "unitPrice": 26.7
  },
  {
    "name": "Organic Frozen Strawberries",
    "url": "https://www.coles.com.au/product/oob-organic-frozen-strawberries-300g-3988712",
    "img": "https://productimages.coles.com.au/productimages/3/3988712.jpg",
    "price": 8,
    "quantity": 0.3,
    "unitPrice": 26.7
  },
  {
    "name": "Frozen Mango",
    "url": "https://www.coles.com.au/product/oob-organic-frozen-mango-300g-4926460",
    "img": "https://productimages.coles.com.au/productimages/4/4926460.jpg",
    "price": 8,
    "quantity": 0.3,
    "unitPrice": 26.7
  },
  {
    "name": "Cobram Estate Classic Extra Virgin Olive Oil",
    "url": "https://www.woolworths.com.au/shop/productdetails/237418",
    "img": "https://cdn0.woolworths.media/content/wowproductimages/medium/237418.jpg",
    "price": 20,
    "quantity": 0.75,
    "unitPrice": 26.7
  },
  {
    "name": "Cobram Estate Extra Virgin Light Olive Oil",
    "url": "https://www.woolworths.com.au/shop/productdetails/345955",
    "img": "https://cdn0.woolworths.media/content/wowproductimages/medium/345955.jpg",
    "price": 20,
    "quantity": 0.75,
    "unitPrice": 26.7
  },
  {
    "name": "Cobram Estate Extra Virgin Rich & Robust Olive Oil",
    "url": "https://www.woolworths.com.au/shop/productdetails/371061",
    "img": "https://cdn0.woolworths.media/content/wowproductimages/medium/371061.jpg",
    "price": 20,
    "quantity": 0.75,
    "unitPrice": 26.7
  },
  {
    "name": "Continental Classics Simmer Soup Chicken Noodle",
    "url": "https://www.woolworths.com.au/shop/productdetails/34389",
    "img": "https://cdn0.woolworths.media/content/wowproductimages/medium/034389.jpg",
    "price": 1.2,
    "quantity": 0.045,
    "unitPrice": 26.7
  },
  {
    "name": "Tasti Made Simple Forest Fruits",
    "url": "https://www.woolworths.com.au/shop/productdetails/513478",
    "img": "https://cdn0.woolworths.media/content/wowproductimages/medium/513478.jpg",
    "price": 4,
    "quantity": 0.15,
    "unitPrice": 26.7
  },
  {
    "name": "Arnott's Gluten Free Choc Ripple Plain Biscuits",
    "url": "https://www.woolworths.com.au/shop/productdetails/168908",
    "img": "https://cdn0.woolworths.media/content/wowproductimages/medium/168908.jpg",
    "price": 4,
    "quantity": 0.15,
    "unitPrice": 26.7
  },
  {
    "name": "Vegemite Spread",
    "url": "https://www.woolworths.com.au/shop/productdetails/281263",
    "img": "https://cdn0.woolworths.media/content/wowproductimages/medium/281263.jpg",
    "price": 4,
    "quantity": 0.15,
    "unitPrice": 26.7
  },
  {
    "name": "Kialla Pure Organics Overnight Apple Cinnamon",
    "url": "https://www.woolworths.com.au/shop/productdetails/205745",
    "img": "https://cdn0.woolworths.media/content/wowproductimages/medium/205745.jpg",
    "price": 8,
    "quantity": 0.3,
    "unitPrice": 26.7
  },
  {
    "name": "Kialla Pure Organics Overnight Oats Cacao",
    "url": "https://www.woolworths.com.au/shop/productdetails/204788",
    "img": "https://cdn0.woolworths.media/content/wowproductimages/medium/204788.jpg",
    "price": 8,
    "quantity": 0.3,
    "unitPrice": 26.7
  },
  {
    "name": "Kialla Pure Organics Overnight Maple Vanilla",
    "url": "https://www.woolworths.com.au/shop/productdetails/205636",
    "img": "https://cdn0.woolworths.media/content/wowproductimages/medium/205636.jpg",
    "price": 8,
    "quantity": 0.3,
    "unitPrice": 26.7
  },
  {
    "name": "Kialla Pure Organics Cinnamon Donut Porridge",
    "url": "https://www.woolworths.com.au/shop/productdetails/271186",
    "img": "https://cdn0.woolworths.media/content/wowproductimages/medium/271186.jpg",
    "price": 8,
    "quantity": 0.3,
    "unitPrice": 26.7
  },
  {
    "name": "Kialla Pure Organics Lamington Porridge",
    "url": "https://www.woolworths.com.au/shop/productdetails/271433",
    "img": "https://cdn0.woolworths.media/content/wowproductimages/medium/271433.jpg",
    "price": 8,
    "quantity": 0.3,
    "unitPrice": 26.7
  },
  {
    "name": "Kialla Pure Organics Cookie Dough Porridge",
    "url": "https://www.woolworths.com.au/shop/productdetails/271771",
    "img": "https://cdn0.woolworths.media/content/wowproductimages/medium/271771.jpg",
    "price": 8,
    "quantity": 0.3,
    "unitPrice": 26.7
  },
  {
    "name": "Lucky Natural Cashews",
    "url": "https://www.woolworths.com.au/shop/productdetails/243736",
    "img": "https://cdn0.woolworths.media/content/wowproductimages/medium/243736.jpg",
    "price": 4,
    "quantity": 0.15,
    "unitPrice": 26.7
  },
  {
    "name": "Lakanto Monkfruit No Sugar Added Golden Malt Flavoured Syrup",
    "url": "https://www.woolworths.com.au/shop/productdetails/143006",
    "img": "https://cdn0.woolworths.media/content/wowproductimages/medium/143006.jpg",
    "price": 8,
    "quantity": 0.3,
    "unitPrice": 26.7
  },
  {
    "name": "Macro Cacao Crunch Toppers",
    "url": "https://www.woolworths.com.au/shop/productdetails/113177",
    "img": "https://cdn0.woolworths.media/content/wowproductimages/medium/113177.jpg",
    "price": 4,
    "quantity": 0.15,
    "unitPrice": 26.7
  },
  {
    "name": "Truvia Stevia Granules",
    "url": "https://www.woolworths.com.au/shop/productdetails/37483",
    "img": "https://cdn0.woolworths.media/content/wowproductimages/medium/037483.jpg",
    "price": 7.2,
    "quantity": 0.27,
    "unitPrice": 26.7
  },
  {
    "name": "Woolworths Cook Chinese Bbq Style Pork With Char Siu Sauce",
    "url": "https://www.woolworths.com.au/shop/productdetails/135629",
    "img": "https://cdn0.woolworths.media/content/wowproductimages/medium/135629.jpg",
    "price": 15,
    "quantity": 0.56,
    "unitPrice": 26.79
  },
  {
    "name": "Peking Duck Pancake Kit",
    "url": "https://www.coles.com.au/product/luv-a-duck-peking-duck-pancake-kit-560g-4219611",
    "img": "https://productimages.coles.com.au/productimages/4/4219611.jpg",
    "price": 15,
    "quantity": 0.56,
    "unitPrice": 26.8
  },
  {
    "name": "Peking Duck Pancake Kit",
    "url": "https://www.coles.com.au/product/luv-a-duck-peking-duck-pancake-kit-560g-4219611",
    "img": "https://productimages.coles.com.au/productimages/4/4219611.jpg",
    "price": 15,
    "quantity": 0.56,
    "unitPrice": 26.8
  },
  {
    "name": "Barbecue Sauce",
    "url": "https://www.coles.com.au/product/bull-head-barbecue-sauce-127g-1316112",
    "img": "https://productimages.coles.com.au/productimages/1/1316112.jpg",
    "price": 3.4,
    "quantity": 0.127,
    "unitPrice": 26.8
  },
  {
    "name": "Truffle & Mushroom Pizza",
    "url": "https://www.coles.com.au/product/destination-italy-truffle-&-mushroom-pizza-411g-7027526",
    "img": "https://productimages.coles.com.au/productimages/7/7027526.jpg",
    "price": 11,
    "quantity": 0.411,
    "unitPrice": 26.8
  },
  {
    "name": "Woolworths Cookie Caramel Bar Slice",
    "url": "https://www.woolworths.com.au/shop/productdetails/61196",
    "img": "https://cdn0.woolworths.media/content/wowproductimages/medium/061196.jpg",
    "price": 7.5,
    "quantity": 0.28,
    "unitPrice": 26.8
  },
  {
    "name": "Primo Rindless Middle Bacon",
    "url": "https://www.woolworths.com.au/shop/productdetails/380578",
    "img": "https://cdn0.woolworths.media/content/wowproductimages/medium/380578.jpg",
    "price": 6.7,
    "quantity": 0.25,
    "unitPrice": 26.8
  },
  {
    "name": "Sustagen Vanilla Ready To Drink",
    "url": "https://www.woolworths.com.au/shop/productdetails/768721",
    "img": "https://cdn0.woolworths.media/content/wowproductimages/medium/768721.jpg",
    "price": 6.7,
    "quantity": 0.25,
    "unitPrice": 26.8
  },
  {
    "name": "Nestle Sustagen Dutch Chocolate Ready To Drink",
    "url": "https://www.woolworths.com.au/shop/productdetails/211476",
    "img": "https://cdn0.woolworths.media/content/wowproductimages/medium/211476.jpg",
    "price": 6.7,
    "quantity": 0.25,
    "unitPrice": 26.8
  },
  {
    "name": "Gloriously Free Oat Flour 600g",
    "url": "https://www.woolworths.com.au/shop/productdetails/1073780049",
    "img": "https://cdn0.woolworths.media/content/wowproductimages/medium/1073780049.jpg",
    "price": 13.43,
    "quantity": 0.5,
    "unitPrice": 26.86
  },
  {
    "name": "Passionfruit Cheesecake Bar",
    "url": "https://www.coles.com.au/product/coles-passionfruit-cheesecake-bar-520g-5529206",
    "img": "https://productimages.coles.com.au/productimages/5/5529206.jpg",
    "price": 14,
    "quantity": 0.52,
    "unitPrice": 26.9
  },
  {
    "name": "Tortilla Pockets 8 Pack",
    "url": "https://www.coles.com.au/product/old-el-paso-tortilla-pockets-8-pack-223g-3801549",
    "img": "https://productimages.coles.com.au/productimages/3/3801549.jpg",
    "price": 6,
    "quantity": 0.223,
    "unitPrice": 26.9
  },
  {
    "name": "Knorr Sauce Chinese Sweet & Sour 2 Kg",
    "url": "https://www.woolworths.com.au/shop/productdetails/1074043559",
    "img": "https://cdn0.woolworths.media/content/wowproductimages/medium/1074043559.jpg",
    "price": 53.79,
    "quantity": 2,
    "unitPrice": 26.9
  },
  {
    "name": "Express Mediterranean Olives",
    "url": "https://www.coles.com.au/product/coles-deli-express-mediterranean-olives-130g-3066934",
    "img": "https://productimages.coles.com.au/productimages/3/3066934.jpg",
    "price": 3.5,
    "quantity": 0.13,
    "unitPrice": 26.92
  },
  {
    "name": "Roast Capsicum Strips",
    "url": "https://www.coles.com.au/product/coles-deli-express-roast-capsicum-strips-130g-5651120",
    "img": "https://productimages.coles.com.au/productimages/5/5651120.jpg",
    "price": 3.5,
    "quantity": 0.13,
    "unitPrice": 26.92
  },
  {
    "name": "Ginger loose",
    "url": "https://www.coles.com.au/product/coles-ginger-loose-approx.-120g-each-5034484",
    "img": "https://productimages.coles.com.au/productimages/5/5034484.jpg",
    "price": 3.24,
    "quantity": 0.12,
    "unitPrice": 27
  },
  {
    "name": "Antioxidant Blend",
    "url": "https://www.coles.com.au/product/coles-antioxidant-blend-approx.-100g-9880810",
    "img": "https://productimages.coles.com.au/productimages/9/9880810.jpg",
    "price": 2.7,
    "quantity": 0.1,
    "unitPrice": 27
  },
  {
    "name": "Fodder Taramosalata Dip",
    "url": "https://www.coles.com.au/product/fresh-fodder-taramosalata-dip-200g-3349837",
    "img": "https://productimages.coles.com.au/productimages/3/3349837.jpg",
    "price": 5.4,
    "quantity": 0.2,
    "unitPrice": 27
  },
  {
    "name": "Fodder Greek Style Tzatziki Dip",
    "url": "https://www.coles.com.au/product/fresh-fodder-greek-style-tzatziki-dip-200g-3349870",
    "img": "https://productimages.coles.com.au/productimages/3/3349870.jpg",
    "price": 5.4,
    "quantity": 0.2,
    "unitPrice": 27
  },
  {
    "name": "Chunky Steak Pie",
    "url": "https://www.coles.com.au/product/garlos-chunky-steak-pie-200g-7155129",
    "img": "https://productimages.coles.com.au/productimages/7/7155129.jpg",
    "price": 5.4,
    "quantity": 0.2,
    "unitPrice": 27
  },
  {
    "name": "Fodder Taramosalata Dip",
    "url": "https://www.coles.com.au/product/fresh-fodder-taramosalata-dip-200g-3349837",
    "img": "https://productimages.coles.com.au/productimages/3/3349837.jpg",
    "price": 5.4,
    "quantity": 0.2,
    "unitPrice": 27
  },
  {
    "name": "Fodder Greek Style Tzatziki Dip",
    "url": "https://www.coles.com.au/product/fresh-fodder-greek-style-tzatziki-dip-200g-3349870",
    "img": "https://productimages.coles.com.au/productimages/3/3349870.jpg",
    "price": 5.4,
    "quantity": 0.2,
    "unitPrice": 27
  },
  {
    "name": "Chunky Steak Pie",
    "url": "https://www.coles.com.au/product/garlos-chunky-steak-pie-200g-7155129",
    "img": "https://productimages.coles.com.au/productimages/7/7155129.jpg",
    "price": 5.4,
    "quantity": 0.2,
    "unitPrice": 27
  },
  {
    "name": "Milk Chocolate Mini Rolls 18 Pack",
    "url": "https://www.coles.com.au/product/cadbury-milk-chocolate-mini-rolls-18-pack-445g-3217687",
    "img": "https://productimages.coles.com.au/productimages/3/3217687.jpg",
    "price": 12,
    "quantity": 0.445,
    "unitPrice": 27
  },
  {
    "name": "Low Carb High Protein Pizza Base 2 pack",
    "url": "https://www.coles.com.au/product/coles-low-carb-high-protein-pizza-base-2-pack-200g-4984310",
    "img": "https://productimages.coles.com.au/productimages/4/4984310.jpg",
    "price": 5.4,
    "quantity": 0.2,
    "unitPrice": 27
  },
  {
    "name": "Raspberry And White Chocolate Muffins 2 Pack",
    "url": "https://www.coles.com.au/product/coles-raspberry-and-white-chocolate-muffins-2-pack-220g-6309646",
    "img": "https://productimages.coles.com.au/productimages/6/6309646.jpg",
    "price": 5.95,
    "quantity": 0.22,
    "unitPrice": 27
  },
  {
    "name": "Temptations Chocolate Mousse",
    "url": "https://www.coles.com.au/product/greens-temptations-chocolate-mousse-185g-3531230",
    "img": "https://productimages.coles.com.au/productimages/3/3531230.jpg",
    "price": 5,
    "quantity": 0.185,
    "unitPrice": 27
  },
  {
    "name": "Sesame Seeds",
    "url": "https://www.coles.com.au/product/hoyts-sesame-seeds-100g-286887",
    "img": "https://productimages.coles.com.au/productimages/2/286887.jpg",
    "price": 2.7,
    "quantity": 0.1,
    "unitPrice": 27
  },
  {
    "name": "Hot Sauce",
    "url": "https://www.coles.com.au/product/tapatio-hot-sauce-148ml-3267969",
    "img": "https://productimages.coles.com.au/productimages/3/3267969.jpg",
    "price": 4,
    "quantity": 0.148,
    "unitPrice": 27
  },
  {
    "name": "Aged Balsamic Vinegar Gold Label 4 Seal",
    "url": "https://www.coles.com.au/product/mazzetti-aged-balsamic-vinegar-gold-label-4-seal-250ml-4618107",
    "img": "https://productimages.coles.com.au/productimages/4/4618107.jpg",
    "price": 6.75,
    "quantity": 0.25,
    "unitPrice": 27
  },
  {
    "name": "Salt Reduced Chicken Style Stock Powder",
    "url": "https://www.coles.com.au/product/massel-salt-reduced-chicken-style-stock-powder-140g-9026499",
    "img": "https://productimages.coles.com.au/productimages/9/9026499.jpg",
    "price": 3.75,
    "quantity": 0.14,
    "unitPrice": 27
  },
  {
    "name": "Gravy Pepper",
    "url": "https://www.coles.com.au/product/gravox-gravy-pepper-140g-6046638",
    "img": "https://productimages.coles.com.au/productimages/6/6046638.jpg",
    "price": 3.8,
    "quantity": 0.14,
    "unitPrice": 27
  },
  {
    "name": "Frozen Gluten Free Ristorante Mozzarella Pizza",
    "url": "https://www.coles.com.au/product/dr.-oetker-frozen-gluten-free-ristorante-mozzarella-pizza-370g-3217949",
    "img": "https://productimages.coles.com.au/productimages/3/3217949.jpg",
    "price": 10,
    "quantity": 0.37,
    "unitPrice": 27
  },
  {
    "name": "Good By Grove Avocado Oil",
    "url": "https://www.woolworths.com.au/shop/productdetails/137537",
    "img": "https://cdn0.woolworths.media/content/wowproductimages/medium/137537.jpg",
    "price": 13.5,
    "quantity": 0.5,
    "unitPrice": 27
  },
  {
    "name": "Ginger Fresh",
    "url": "https://www.woolworths.com.au/shop/productdetails/138082",
    "img": "https://cdn0.woolworths.media/content/wowproductimages/medium/138082.jpg",
    "price": 27,
    "quantity": 1,
    "unitPrice": 27
  },
  {
    "name": "D'orsogna Ham Leg Triple Smoked 97% Fat Free Shaved",
    "url": "https://www.woolworths.com.au/shop/productdetails/175734",
    "img": "https://cdn0.woolworths.media/content/wowproductimages/medium/175734.jpg",
    "price": 27,
    "quantity": 1,
    "unitPrice": 27
  },
  {
    "name": "Pastoral Oven Roasted Pork Herb Crusted Sliced From The Deli",
    "url": "https://www.woolworths.com.au/shop/productdetails/620498",
    "img": "https://cdn0.woolworths.media/content/wowproductimages/medium/620498.jpg",
    "price": 27,
    "quantity": 1,
    "unitPrice": 27
  },
  {
    "name": "Macro Free Range Pork Rashers",
    "url": "https://www.woolworths.com.au/shop/productdetails/248544",
    "img": "https://cdn0.woolworths.media/content/wowproductimages/medium/248544.jpg",
    "price": 14.85,
    "quantity": 0.55,
    "unitPrice": 27
  },
  {
    "name": "Pastoral Oven Roasted Pork Herb Crusted Sliced From The Deli",
    "url": "https://www.woolworths.com.au/shop/productdetails/666700",
    "img": "https://cdn0.woolworths.media/content/wowproductimages/medium/666700.jpg",
    "price": 27,
    "quantity": 1,
    "unitPrice": 27
  },
  {
    "name": "Massel Reduced Salt Chicken Stock Powder",
    "url": "https://www.woolworths.com.au/shop/productdetails/579057",
    "img": "https://cdn0.woolworths.media/content/wowproductimages/medium/579057.jpg",
    "price": 3.75,
    "quantity": 0.14,
    "unitPrice": 27
  },
  {
    "name": "Continental Chicken Superbe Stock Stock Powder",
    "url": "https://www.woolworths.com.au/shop/productdetails/446301",
    "img": "https://cdn0.woolworths.media/content/wowproductimages/medium/446301.jpg",
    "price": 3.5,
    "quantity": 0.13,
    "unitPrice": 27
  },
  {
    "name": "Massel Reduced Salt Chicken Stock Powder",
    "url": "https://www.woolworths.com.au/shop/productdetails/579057",
    "img": "https://cdn0.woolworths.media/content/wowproductimages/medium/579057.jpg",
    "price": 3.75,
    "quantity": 0.14,
    "unitPrice": 27
  },
  {
    "name": "Pascall Mixed Pink & White Marshmallows 2PK 1kg",
    "url": "https://www.woolworths.com.au/shop/productdetails/1074699669",
    "img": "https://cdn0.woolworths.media/content/wowproductimages/medium/1074699669.jpg",
    "price": 27,
    "quantity": 1,
    "unitPrice": 27
  },
  {
    "name": "Smoked Oysters In Oil",
    "url": "https://www.coles.com.au/product/safcol-smoked-oysters-in-oil-85g-2508403",
    "img": "https://productimages.coles.com.au/productimages/2/2508403.jpg",
    "price": 2.3,
    "quantity": 0.085,
    "unitPrice": 27.06
  },
  {
    "name": "Dairylea Cheestik Sticks",
    "url": "https://www.woolworths.com.au/shop/productdetails/64076",
    "img": "https://cdn0.woolworths.media/content/wowproductimages/medium/064076.jpg",
    "price": 6.5,
    "quantity": 0.24,
    "unitPrice": 27.08
  },
  {
    "name": "Milky Max Chocolate Custard",
    "url": "https://www.coles.com.au/product/pauls-milky-max-chocolate-custard-70g-1199223",
    "img": "https://productimages.coles.com.au/productimages/1/1199223.jpg",
    "price": 1.9,
    "quantity": 0.07,
    "unitPrice": 27.1
  },
  {
    "name": "Banana Pouch",
    "url": "https://www.coles.com.au/product/pauls-banana-pouch-70g-5295455",
    "img": "https://productimages.coles.com.au/productimages/5/5295455.jpg",
    "price": 1.9,
    "quantity": 0.07,
    "unitPrice": 27.1
  },
  {
    "name": "Milky Max Chocolate Custard",
    "url": "https://www.coles.com.au/product/pauls-milky-max-chocolate-custard-70g-1199223",
    "img": "https://productimages.coles.com.au/productimages/1/1199223.jpg",
    "price": 1.9,
    "quantity": 0.07,
    "unitPrice": 27.1
  },
  {
    "name": "Banana Pouch",
    "url": "https://www.coles.com.au/product/pauls-banana-pouch-70g-5295455",
    "img": "https://productimages.coles.com.au/productimages/5/5295455.jpg",
    "price": 1.9,
    "quantity": 0.07,
    "unitPrice": 27.1
  },
  {
    "name": "Probiotic Granola Manuka Honey & Almond",
    "url": "https://www.coles.com.au/product/blue-frog-probiotic-granola-manuka-honey-&-almond-350g-4310848",
    "img": "https://productimages.coles.com.au/productimages/4/4310848.jpg",
    "price": 9.5,
    "quantity": 0.35,
    "unitPrice": 27.1
  },
  {
    "name": "Probiotic Raspberry And Vanilla Granola",
    "url": "https://www.coles.com.au/product/blue-frog-probiotic-raspberry-and-vanilla-granola-350g-4310859",
    "img": "https://productimages.coles.com.au/productimages/4/4310859.jpg",
    "price": 9.5,
    "quantity": 0.35,
    "unitPrice": 27.1
  },
  {
    "name": "Granola Pic'S Crunchy Peanut Butter",
    "url": "https://www.coles.com.au/product/blue-frog-granola-pic's-crunchy-peanut-butter-350g-7062811",
    "img": "https://productimages.coles.com.au/productimages/7/7062811.jpg",
    "price": 9.5,
    "quantity": 0.35,
    "unitPrice": 27.1
  },
  {
    "name": "Probiotic Granola Manuka Honey & Almond",
    "url": "https://www.coles.com.au/product/blue-frog-probiotic-granola-manuka-honey-&-almond-350g-4310848",
    "img": "https://productimages.coles.com.au/productimages/4/4310848.jpg",
    "price": 9.5,
    "quantity": 0.35,
    "unitPrice": 27.1
  },
  {
    "name": "Probiotic Raspberry And Vanilla Granola",
    "url": "https://www.coles.com.au/product/blue-frog-probiotic-raspberry-and-vanilla-granola-350g-4310859",
    "img": "https://productimages.coles.com.au/productimages/4/4310859.jpg",
    "price": 9.5,
    "quantity": 0.35,
    "unitPrice": 27.1
  },
  {
    "name": "Granola Pic'S Crunchy Peanut Butter",
    "url": "https://www.coles.com.au/product/blue-frog-granola-pic's-crunchy-peanut-butter-350g-7062811",
    "img": "https://productimages.coles.com.au/productimages/7/7062811.jpg",
    "price": 9.5,
    "quantity": 0.35,
    "unitPrice": 27.1
  },
  {
    "name": "Pauls Custard Pouch Bluey Vanilla Custard",
    "url": "https://www.woolworths.com.au/shop/productdetails/751972",
    "img": "https://cdn0.woolworths.media/content/wowproductimages/medium/751972.jpg",
    "price": 1.9,
    "quantity": 0.07,
    "unitPrice": 27.1
  },
  {
    "name": "Pauls Custard Pouch Bluey Chocolate Custard",
    "url": "https://www.woolworths.com.au/shop/productdetails/751963",
    "img": "https://cdn0.woolworths.media/content/wowproductimages/medium/751963.jpg",
    "price": 1.9,
    "quantity": 0.07,
    "unitPrice": 27.1
  },
  {
    "name": "Pauls Custard Pouch Bluey Strawberry Strawberry",
    "url": "https://www.woolworths.com.au/shop/productdetails/548220",
    "img": "https://cdn0.woolworths.media/content/wowproductimages/medium/548220.jpg",
    "price": 1.9,
    "quantity": 0.07,
    "unitPrice": 27.1
  },
  {
    "name": "Pauls Banana Custard Banana",
    "url": "https://www.woolworths.com.au/shop/productdetails/547996",
    "img": "https://cdn0.woolworths.media/content/wowproductimages/medium/547996.jpg",
    "price": 1.9,
    "quantity": 0.07,
    "unitPrice": 27.1
  },
  {
    "name": "Gloriously Free Gf Rolled Quick Oats 450g",
    "url": "https://www.woolworths.com.au/shop/productdetails/1073777070",
    "img": "https://cdn0.woolworths.media/content/wowproductimages/medium/1073777070.jpg",
    "price": 13.55,
    "quantity": 0.5,
    "unitPrice": 27.1
  },
  {
    "name": "Beerenberg Pumpkin & Chickpea Curry",
    "url": "https://www.woolworths.com.au/shop/productdetails/225455",
    "img": "https://cdn0.woolworths.media/content/wowproductimages/medium/225455.jpg",
    "price": 6.5,
    "quantity": 0.24,
    "unitPrice": 27.1
  },
  {
    "name": "Beerenberg One Pot Mexican",
    "url": "https://www.woolworths.com.au/shop/productdetails/89783",
    "img": "https://cdn0.woolworths.media/content/wowproductimages/medium/089783.jpg",
    "price": 6.5,
    "quantity": 0.24,
    "unitPrice": 27.1
  },
  {
    "name": "Beerenberg Chicken Chorizo Paella",
    "url": "https://www.woolworths.com.au/shop/productdetails/225069",
    "img": "https://cdn0.woolworths.media/content/wowproductimages/medium/225069.jpg",
    "price": 6.5,
    "quantity": 0.24,
    "unitPrice": 27.1
  },
  {
    "name": "Beerenberg Malaysian Kapitan Curry",
    "url": "https://www.woolworths.com.au/shop/productdetails/89074",
    "img": "https://cdn0.woolworths.media/content/wowproductimages/medium/089074.jpg",
    "price": 6.5,
    "quantity": 0.24,
    "unitPrice": 27.1
  },
  {
    "name": "Garlic Kiev",
    "url": "https://www.coles.com.au/product/steggles-garlic-kiev-350g-3902310",
    "img": "https://productimages.coles.com.au/productimages/3/3902310.jpg",
    "price": 9.5,
    "quantity": 0.35,
    "unitPrice": 27.14
  },
  {
    "name": "Primo Bacon Lean Shortcut",
    "url": "https://www.woolworths.com.au/shop/productdetails/202497",
    "img": "https://cdn0.woolworths.media/content/wowproductimages/medium/202497.jpg",
    "price": 9.5,
    "quantity": 0.35,
    "unitPrice": 27.14
  },
  {
    "name": "Rindless Middle Bacon",
    "url": "https://www.coles.com.au/product/primo-rindless-middle-bacon-250g-4259897",
    "img": "https://productimages.coles.com.au/productimages/4/4259897.jpg",
    "price": 6.8,
    "quantity": 0.25,
    "unitPrice": 27.2
  },
  {
    "name": "Raspberry Cheesecake 2 Pack",
    "url": "https://www.coles.com.au/product/the-sweetporium-co.-raspberry-cheesecake-2-pack-180g-4471461",
    "img": "https://productimages.coles.com.au/productimages/4/4471461.jpg",
    "price": 4.9,
    "quantity": 0.18,
    "unitPrice": 27.2
  },
  {
    "name": "Rindless Middle Bacon",
    "url": "https://www.coles.com.au/product/primo-rindless-middle-bacon-250g-4259897",
    "img": "https://productimages.coles.com.au/productimages/4/4259897.jpg",
    "price": 6.8,
    "quantity": 0.25,
    "unitPrice": 27.2
  },
  {
    "name": "Raspberry Cheesecake 2 Pack",
    "url": "https://www.coles.com.au/product/the-sweetporium-co.-raspberry-cheesecake-2-pack-180g-4471461",
    "img": "https://productimages.coles.com.au/productimages/4/4471461.jpg",
    "price": 4.9,
    "quantity": 0.18,
    "unitPrice": 27.2
  },
  {
    "name": "Rindless Middle Bacon",
    "url": "https://www.coles.com.au/product/primo-rindless-middle-bacon-250g-4259897",
    "img": "https://productimages.coles.com.au/productimages/4/4259897.jpg",
    "price": 6.8,
    "quantity": 0.25,
    "unitPrice": 27.2
  },
  {
    "name": "Mazzetti Vinegar Balsamic Vintage 4 Leaf",
    "url": "https://www.woolworths.com.au/shop/productdetails/224075",
    "img": "https://cdn0.woolworths.media/content/wowproductimages/medium/224075.jpg",
    "price": 6.8,
    "quantity": 0.25,
    "unitPrice": 27.2
  },
  {
    "name": "Tipiak Mediterranean Grains Garlic Cous Cous",
    "url": "https://www.woolworths.com.au/shop/productdetails/322452",
    "img": "https://cdn0.woolworths.media/content/wowproductimages/medium/322452.jpg",
    "price": 3.95,
    "quantity": 0.145,
    "unitPrice": 27.2
  },
  {
    "name": "Tipiak Mediterranean Grains Turmeric & Herbs",
    "url": "https://www.woolworths.com.au/shop/productdetails/320999",
    "img": "https://cdn0.woolworths.media/content/wowproductimages/medium/320999.jpg",
    "price": 3.95,
    "quantity": 0.145,
    "unitPrice": 27.2
  },
  {
    "name": "Nando's Medium Peri-peri Chilli Sauce Peri Peri Sauce",
    "url": "https://www.woolworths.com.au/shop/productdetails/473749",
    "img": "https://cdn0.woolworths.media/content/wowproductimages/medium/473749.jpg",
    "price": 6.8,
    "quantity": 0.25,
    "unitPrice": 27.2
  },
  {
    "name": "Nando's Mild Peri-peri Chilli Sauce Sauce",
    "url": "https://www.woolworths.com.au/shop/productdetails/844408",
    "img": "https://cdn0.woolworths.media/content/wowproductimages/medium/844408.jpg",
    "price": 6.8,
    "quantity": 0.25,
    "unitPrice": 27.2
  },
  {
    "name": "Nando's Hot Peri-peri Chilli Sauce Peri Peri Sauce",
    "url": "https://www.woolworths.com.au/shop/productdetails/717857",
    "img": "https://cdn0.woolworths.media/content/wowproductimages/medium/717857.jpg",
    "price": 6.8,
    "quantity": 0.25,
    "unitPrice": 27.2
  },
  {
    "name": "Nando's Garlic Medium Peri-peri Chilli Sauce",
    "url": "https://www.woolworths.com.au/shop/productdetails/166920",
    "img": "https://cdn0.woolworths.media/content/wowproductimages/medium/166920.jpg",
    "price": 6.8,
    "quantity": 0.25,
    "unitPrice": 27.2
  },
  {
    "name": "Nando's Extra Bloody Hot Peri-peri Chilli Sauce",
    "url": "https://www.woolworths.com.au/shop/productdetails/122172",
    "img": "https://cdn0.woolworths.media/content/wowproductimages/medium/122172.jpg",
    "price": 6.8,
    "quantity": 0.25,
    "unitPrice": 27.2
  },
  {
    "name": "Mckenzie's Cream Of Tartar",
    "url": "https://www.woolworths.com.au/shop/productdetails/277315",
    "img": "https://cdn0.woolworths.media/content/wowproductimages/medium/277315.jpg",
    "price": 8.15,
    "quantity": 0.3,
    "unitPrice": 27.2
  },
  {
    "name": "Bocconcini Bambini Cheese",
    "url": "https://www.coles.com.au/product/la-casa-del-formaggio-bocconcini-bambini-cheese-220g-4537253",
    "img": "https://productimages.coles.com.au/productimages/4/4537253.jpg",
    "price": 6,
    "quantity": 0.22,
    "unitPrice": 27.27
  },
  {
    "name": "Cherry Bocconcini Cheese",
    "url": "https://www.coles.com.au/product/la-casa-del-formaggio-cherry-bocconcini-cheese-220g-8981415",
    "img": "https://productimages.coles.com.au/productimages/8/8981415.jpg",
    "price": 6,
    "quantity": 0.22,
    "unitPrice": 27.27
  },
  {
    "name": "Spc Spaghetti Rich Tomato Rich Tomato Sauce",
    "url": "https://www.woolworths.com.au/shop/productdetails/247302",
    "img": "https://cdn0.woolworths.media/content/wowproductimages/medium/247302.jpg",
    "price": 6,
    "quantity": 0.22,
    "unitPrice": 27.27
  },
  {
    "name": "Classic Veggie Burger 2 pack",
    "url": "https://www.coles.com.au/product/yumis-classic-veggie-burger-2-pack-220g-5420310",
    "img": "https://productimages.coles.com.au/productimages/5/5420310.jpg",
    "price": 6,
    "quantity": 0.22,
    "unitPrice": 27.3
  },
  {
    "name": "Limited Edition Burger",
    "url": "https://www.coles.com.au/product/yumi's-limited-edition-burger-220g-5420455",
    "img": "https://productimages.coles.com.au/productimages/5/5420455.jpg",
    "price": 6,
    "quantity": 0.22,
    "unitPrice": 27.3
  },
  {
    "name": "Black Sesame Oil",
    "url": "https://www.coles.com.au/product/lee-kum-kee-black-sesame-oil-207ml-3632259",
    "img": "https://productimages.coles.com.au/productimages/3/3632259.jpg",
    "price": 5.65,
    "quantity": 0.207,
    "unitPrice": 27.3
  },
  {
    "name": "Frozen Chicken Fillet Burger ",
    "url": "https://www.coles.com.au/product/on-the-menu-frozen-chicken-fillet-burger--165g-6957090",
    "img": "https://productimages.coles.com.au/productimages/6/6957090.jpg",
    "price": 4.5,
    "quantity": 0.165,
    "unitPrice": 27.3
  },
  {
    "name": "Woolworths Pecans",
    "url": "https://www.woolworths.com.au/shop/productdetails/815872",
    "img": "https://cdn0.woolworths.media/content/wowproductimages/medium/default.png",
    "price": 4.1,
    "quantity": 0.15,
    "unitPrice": 27.33
  },
  {
    "name": "Pecans",
    "url": "https://www.coles.com.au/product/coles-pecans-150g-2749465",
    "img": "https://productimages.coles.com.au/productimages/2/2749465.jpg",
    "price": 4.1,
    "quantity": 0.15,
    "unitPrice": 27.34
  },
  {
    "name": "Brunswick Sardines In Olive Oil",
    "url": "https://www.woolworths.com.au/shop/productdetails/246335",
    "img": "https://cdn0.woolworths.media/content/wowproductimages/medium/246335.jpg",
    "price": 2.9,
    "quantity": 0.106,
    "unitPrice": 27.36
  },
  {
    "name": "Brunswick Sardines In Springwater No Added Salt",
    "url": "https://www.woolworths.com.au/shop/productdetails/24811",
    "img": "https://cdn0.woolworths.media/content/wowproductimages/medium/024811.jpg",
    "price": 2.9,
    "quantity": 0.106,
    "unitPrice": 27.36
  },
  {
    "name": "Brunswick Sardines Tomato Sauce",
    "url": "https://www.woolworths.com.au/shop/productdetails/38844",
    "img": "https://cdn0.woolworths.media/content/wowproductimages/medium/038844.jpg",
    "price": 2.9,
    "quantity": 0.106,
    "unitPrice": 27.36
  },
  {
    "name": "Salmon Tempters Chilli",
    "url": "https://www.coles.com.au/product/john-west-salmon-tempters-chilli-95g-4409446",
    "img": "https://productimages.coles.com.au/productimages/4/4409446.jpg",
    "price": 2.6,
    "quantity": 0.095,
    "unitPrice": 27.37
  },
  {
    "name": "Salmon Tempters Teriyaki",
    "url": "https://www.coles.com.au/product/john-west-salmon-tempters-teriyaki-95g-4409468",
    "img": "https://productimages.coles.com.au/productimages/4/4409468.jpg",
    "price": 2.6,
    "quantity": 0.095,
    "unitPrice": 27.37
  },
  {
    "name": "Salmon Tempters Lemon & Dill",
    "url": "https://www.coles.com.au/product/john-west-salmon-tempters-lemon-&-dill-95g-4409640",
    "img": "https://productimages.coles.com.au/productimages/4/4409640.jpg",
    "price": 2.6,
    "quantity": 0.095,
    "unitPrice": 27.37
  },
  {
    "name": "Salmon Tempters Lime- Chilli & Ginger",
    "url": "https://www.coles.com.au/product/john-west-salmon-tempters-lime--chilli-&-ginger-95g-4409661",
    "img": "https://productimages.coles.com.au/productimages/4/4409661.jpg",
    "price": 2.6,
    "quantity": 0.095,
    "unitPrice": 27.37
  },
  {
    "name": "Salmon Tempters Springwater",
    "url": "https://www.coles.com.au/product/john-west-salmon-tempters-springwater-95g-5558780",
    "img": "https://productimages.coles.com.au/productimages/5/5558780.jpg",
    "price": 2.6,
    "quantity": 0.095,
    "unitPrice": 27.37
  },
  {
    "name": "Salmon Tempters Smoked",
    "url": "https://www.coles.com.au/product/john-west-salmon-tempters-smoked-95g-7086558",
    "img": "https://productimages.coles.com.au/productimages/7/7086558.jpg",
    "price": 2.6,
    "quantity": 0.095,
    "unitPrice": 27.37
  },
  {
    "name": "Salmon Tempters Lemon Cracked Pepper",
    "url": "https://www.coles.com.au/product/john-west-salmon-tempters-lemon-cracked-pepper-95g-7086580",
    "img": "https://productimages.coles.com.au/productimages/7/7086580.jpg",
    "price": 2.6,
    "quantity": 0.095,
    "unitPrice": 27.37
  },
  {
    "name": "Salmon Tempters Olive Oil",
    "url": "https://www.coles.com.au/product/john-west-salmon-tempters-olive-oil-95g-9629348",
    "img": "https://productimages.coles.com.au/productimages/9/9629348.jpg",
    "price": 2.6,
    "quantity": 0.095,
    "unitPrice": 27.37
  },
  {
    "name": "Salmon Tempters Onion Tomato",
    "url": "https://www.coles.com.au/product/john-west-salmon-tempters-onion-tomato-95g-9658776",
    "img": "https://productimages.coles.com.au/productimages/9/9658776.jpg",
    "price": 2.6,
    "quantity": 0.095,
    "unitPrice": 27.37
  },
  {
    "name": "Greenseas Tuna Tomato & Onion Tomato & Onion",
    "url": "https://www.woolworths.com.au/shop/productdetails/7648",
    "img": "https://cdn0.woolworths.media/content/wowproductimages/medium/007648.jpg",
    "price": 2.6,
    "quantity": 0.095,
    "unitPrice": 27.37
  },
  {
    "name": "Greenseas Tuna Chunks In Springwater Chunk In Spring Water",
    "url": "https://www.woolworths.com.au/shop/productdetails/37250",
    "img": "https://cdn0.woolworths.media/content/wowproductimages/medium/037250.jpg",
    "price": 2.6,
    "quantity": 0.095,
    "unitPrice": 27.37
  },
  {
    "name": "Greenseas Tuna In Extra Virgin Olive Oil Blend",
    "url": "https://www.woolworths.com.au/shop/productdetails/21568",
    "img": "https://cdn0.woolworths.media/content/wowproductimages/medium/021568.jpg",
    "price": 2.6,
    "quantity": 0.095,
    "unitPrice": 27.37
  },
  {
    "name": "Greenseas Tuna Sweet Chilli Sweet Chilli",
    "url": "https://www.woolworths.com.au/shop/productdetails/85719",
    "img": "https://cdn0.woolworths.media/content/wowproductimages/medium/085719.jpg",
    "price": 2.6,
    "quantity": 0.095,
    "unitPrice": 27.37
  },
  {
    "name": "Greenseas Tuna Lemon Pepper Lemon Pepper",
    "url": "https://www.woolworths.com.au/shop/productdetails/7733",
    "img": "https://cdn0.woolworths.media/content/wowproductimages/medium/007733.jpg",
    "price": 2.6,
    "quantity": 0.095,
    "unitPrice": 27.37
  },
  {
    "name": "Greenseas Sandwich Tuna Flakes Sandwich Flakes",
    "url": "https://www.woolworths.com.au/shop/productdetails/21569",
    "img": "https://cdn0.woolworths.media/content/wowproductimages/medium/021569.jpg",
    "price": 2.6,
    "quantity": 0.095,
    "unitPrice": 27.37
  },
  {
    "name": "Greenseas Tuna Smoke Flavour Natural Smoked Flavour",
    "url": "https://www.woolworths.com.au/shop/productdetails/7707",
    "img": "https://cdn0.woolworths.media/content/wowproductimages/medium/007707.jpg",
    "price": 2.6,
    "quantity": 0.095,
    "unitPrice": 27.37
  },
  {
    "name": "Fueld Honey Soy Chicken Noodles",
    "url": "https://www.coles.com.au/product/youfoodz-fueld-honey-soy-chicken-noodles-436g-6261222",
    "img": "https://productimages.coles.com.au/productimages/6/6261222.jpg",
    "price": 11.95,
    "quantity": 0.436,
    "unitPrice": 27.4
  },
  {
    "name": "Teriyaki Udon Original Bowl",
    "url": "https://www.coles.com.au/product/wang-teriyaki-udon-original-bowl-219g-6146916",
    "img": "https://productimages.coles.com.au/productimages/6/6146916.jpg",
    "price": 6,
    "quantity": 0.219,
    "unitPrice": 27.4
  },
  {
    "name": "Frozen Chicken Roll Roast ",
    "url": "https://www.coles.com.au/product/on-the-menu-frozen-chicken-roll-roast--179g-6957191",
    "img": "https://productimages.coles.com.au/productimages/6/6957191.jpg",
    "price": 4.9,
    "quantity": 0.179,
    "unitPrice": 27.4
  },
  {
    "name": "Roasted & Salted Pistachios",
    "url": "https://www.coles.com.au/product/coles-roasted-&-salted-pistachios-400g-2131611",
    "img": "https://productimages.coles.com.au/productimages/2/2131611.jpg",
    "price": 11,
    "quantity": 0.4,
    "unitPrice": 27.5
  },
  {
    "name": "Organic Kale With Vegetables",
    "url": "https://www.coles.com.au/product/coles-organic-kale-with-vegetables-200g-3014453",
    "img": "https://productimages.coles.com.au/productimages/3/3014453.jpg",
    "price": 5.5,
    "quantity": 0.2,
    "unitPrice": 27.5
  },
  {
    "name": "Kitchen Green Goddess Veggie Pot",
    "url": "https://www.coles.com.au/product/coles-kitchen-green-goddess-veggie-pot-200g-4462562",
    "img": "https://productimages.coles.com.au/productimages/4/4462562.jpg",
    "price": 5.5,
    "quantity": 0.2,
    "unitPrice": 27.5
  },
  {
    "name": "Organic Baby Cucumbers",
    "url": "https://www.coles.com.au/product/coles-organic-baby-cucumbers-200g-5088494",
    "img": "https://productimages.coles.com.au/productimages/5/5088494.jpg",
    "price": 5.5,
    "quantity": 0.2,
    "unitPrice": 27.5
  },
  {
    "name": "Kitchen Bacon Cobb Salad Bowl",
    "url": "https://www.coles.com.au/product/coles-kitchen-bacon-cobb-salad-bowl-200g-6062940",
    "img": "https://productimages.coles.com.au/productimages/6/6062940.jpg",
    "price": 5.5,
    "quantity": 0.2,
    "unitPrice": 27.5
  },
  {
    "name": "Honey & Pistachio Cream Cheese",
    "url": "https://www.coles.com.au/product/moondarra-honey-&-pistachio-cream-cheese-120g-3029767",
    "img": "https://productimages.coles.com.au/productimages/3/3029767.jpg",
    "price": 3.3,
    "quantity": 0.12,
    "unitPrice": 27.5
  },
  {
    "name": "Cheese Honey Fig & Macadamia",
    "url": "https://www.coles.com.au/product/moondarra-cheese-honey-fig-&-macadamia-120g-5437968",
    "img": "https://productimages.coles.com.au/productimages/5/5437968.jpg",
    "price": 3.3,
    "quantity": 0.12,
    "unitPrice": 27.5
  },
  {
    "name": "Cheese Herb & Capsicum",
    "url": "https://www.coles.com.au/product/moondarra-cheese-herb-&-capsicum-120g-5438100",
    "img": "https://productimages.coles.com.au/productimages/5/5438100.jpg",
    "price": 3.3,
    "quantity": 0.12,
    "unitPrice": 27.5
  },
  {
    "name": "Cookies & Cream Mix-Ins",
    "url": "https://www.coles.com.au/product/gippsland-dairy-cookies-&-cream-mix-ins-140g-5309662",
    "img": "https://productimages.coles.com.au/productimages/5/5309662.jpg",
    "price": 3.85,
    "quantity": 0.14,
    "unitPrice": 27.5
  },
  {
    "name": "Strawberry Waffle Mix-Ins",
    "url": "https://www.coles.com.au/product/gippsland-dairy-strawberry-waffle-mix-ins-140g-5310253",
    "img": "https://productimages.coles.com.au/productimages/5/5310253.jpg",
    "price": 3.85,
    "quantity": 0.14,
    "unitPrice": 27.5
  },
  {
    "name": "Choc Fudge Honeycomb Mix-Ins",
    "url": "https://www.coles.com.au/product/gippsland-dairy-choc-fudge-honeycomb-mix-ins-140g-5316464",
    "img": "https://productimages.coles.com.au/productimages/5/5316464.jpg",
    "price": 3.85,
    "quantity": 0.14,
    "unitPrice": 27.5
  },
  {
    "name": "Ash Brie",
    "url": "https://www.coles.com.au/product/coles-ash-brie-200g-3276970",
    "img": "https://productimages.coles.com.au/productimages/3/3276970.jpg",
    "price": 5.5,
    "quantity": 0.2,
    "unitPrice": 27.5
  },
  {
    "name": "Streaky Bacon",
    "url": "https://www.coles.com.au/product/thomson's-deli-streaky-bacon-200g-3930450",
    "img": "https://productimages.coles.com.au/productimages/3/3930450.jpg",
    "price": 5.5,
    "quantity": 0.2,
    "unitPrice": 27.5
  },
  {
    "name": "Green Falafel",
    "url": "https://www.coles.com.au/product/yumis-green-falafel-200g-6769170",
    "img": "https://productimages.coles.com.au/productimages/6/6769170.jpg",
    "price": 5.5,
    "quantity": 0.2,
    "unitPrice": 27.5
  },
  {
    "name": "Fetta Smooth Less Than 5g Fat",
    "url": "https://www.coles.com.au/product/lemnos-fetta-smooth-less-than-5g-fat-200g-6823355",
    "img": "https://productimages.coles.com.au/productimages/6/6823355.jpg",
    "price": 5.5,
    "quantity": 0.2,
    "unitPrice": 27.5
  },
  {
    "name": "Smooth Fetta",
    "url": "https://www.coles.com.au/product/lemnos-smooth-fetta-200g-9728565",
    "img": "https://productimages.coles.com.au/productimages/9/9728565.jpg",
    "price": 5.5,
    "quantity": 0.2,
    "unitPrice": 27.5
  },
  {
    "name": "Flourless Orange Slice 2 Pack",
    "url": "https://www.coles.com.au/product/coles-flourless-orange-slice-2-pack-200g-3765285",
    "img": "https://productimages.coles.com.au/productimages/3/3765285.jpg",
    "price": 5.5,
    "quantity": 0.2,
    "unitPrice": 27.5
  },
  {
    "name": "Streaky Bacon",
    "url": "https://www.coles.com.au/product/thomson's-deli-streaky-bacon-200g-3930450",
    "img": "https://productimages.coles.com.au/productimages/3/3930450.jpg",
    "price": 5.5,
    "quantity": 0.2,
    "unitPrice": 27.5
  },
  {
    "name": "Skinless & Boneless Salmon Olive Oil",
    "url": "https://www.coles.com.au/product/john-west-skinless-&-boneless-salmon-olive-oil-200g-5454650",
    "img": "https://productimages.coles.com.au/productimages/5/5454650.jpg",
    "price": 5.5,
    "quantity": 0.2,
    "unitPrice": 27.5
  },
  {
    "name": "Salmon Skinless & Boneless Springwater",
    "url": "https://www.coles.com.au/product/john-west-salmon-skinless-&-boneless-springwater-200g-5454785",
    "img": "https://productimages.coles.com.au/productimages/5/5454785.jpg",
    "price": 5.5,
    "quantity": 0.2,
    "unitPrice": 27.5
  },
  {
    "name": "Dry Roasted Edamame With Sea Salt",
    "url": "https://www.coles.com.au/product/hapi-dry-roasted-edamame-with-sea-salt-100g-3743544",
    "img": "https://productimages.coles.com.au/productimages/3/3743544.jpg",
    "price": 2.75,
    "quantity": 0.1,
    "unitPrice": 27.5
  },
  {
    "name": "Organic Glass Noodles",
    "url": "https://www.coles.com.au/product/the-han-kitchen-organic-glass-noodles-120g-5435317",
    "img": "https://productimages.coles.com.au/productimages/5/5435317.jpg",
    "price": 3.3,
    "quantity": 0.12,
    "unitPrice": 27.5
  },
  {
    "name": "Masala Chai Tea Bags",
    "url": "https://www.coles.com.au/product/wagh-bakri-masala-chai-tea-bags-200g-4700547",
    "img": "https://productimages.coles.com.au/productimages/4/4700547.jpg",
    "price": 5.5,
    "quantity": 0.2,
    "unitPrice": 27.5
  },
  {
    "name": "Tasty White Miso Paste",
    "url": "https://www.coles.com.au/product/miso-tasty-white-miso-paste-200g-5016325",
    "img": "https://productimages.coles.com.au/productimages/5/5016325.jpg",
    "price": 5.5,
    "quantity": 0.2,
    "unitPrice": 27.5
  },
  {
    "name": "Tasty Miso Paste Red",
    "url": "https://www.coles.com.au/product/miso-tasty-miso-paste-red-200g-5016336",
    "img": "https://productimages.coles.com.au/productimages/5/5016336.jpg",
    "price": 5.5,
    "quantity": 0.2,
    "unitPrice": 27.5
  },
  {
    "name": "Apple Cider Vinegar Organic",
    "url": "https://www.coles.com.au/product/bragg-apple-cider-vinegar-organic-473ml-2901446",
    "img": "https://productimages.coles.com.au/productimages/2/2901446.jpg",
    "price": 13,
    "quantity": 0.473,
    "unitPrice": 27.5
  },
  {
    "name": "Gravy Granules Chicken",
    "url": "https://www.coles.com.au/product/greens-gravy-granules-chicken-120g-7303190",
    "img": "https://productimages.coles.com.au/productimages/7/7303190.jpg",
    "price": 3.3,
    "quantity": 0.12,
    "unitPrice": 27.5
  },
  {
    "name": "Lamb & Spinach Pide Bites",
    "url": "https://www.coles.com.au/product/coles-lamb-&-spinach-pide-bites-200g-6542980",
    "img": "https://productimages.coles.com.au/productimages/6/6542980.jpg",
    "price": 5.5,
    "quantity": 0.2,
    "unitPrice": 27.5
  },
  {
    "name": "Carbonara Pasta Bites",
    "url": "https://www.coles.com.au/product/coles-carbonara-pasta-bites-200g-6543574",
    "img": "https://productimages.coles.com.au/productimages/6/6543574.jpg",
    "price": 5.5,
    "quantity": 0.2,
    "unitPrice": 27.5
  },
  {
    "name": "Frozen Slow Cooked Peking Duck Legs",
    "url": "https://www.coles.com.au/product/luv-a-duck-frozen-slow-cooked-peking-duck-legs-400g-2256821",
    "img": "https://productimages.coles.com.au/productimages/2/2256821.jpg",
    "price": 11,
    "quantity": 0.4,
    "unitPrice": 27.5
  },
  {
    "name": "John West Wild Caught Salmon In Springwater",
    "url": "https://www.woolworths.com.au/shop/productdetails/235515",
    "img": "https://cdn0.woolworths.media/content/wowproductimages/medium/235515.jpg",
    "price": 5.5,
    "quantity": 0.2,
    "unitPrice": 27.5
  },
  {
    "name": "John West Wild Caught Salmon In Olive Oil Blend",
    "url": "https://www.woolworths.com.au/shop/productdetails/235754",
    "img": "https://cdn0.woolworths.media/content/wowproductimages/medium/235754.jpg",
    "price": 5.5,
    "quantity": 0.2,
    "unitPrice": 27.5
  },
  {
    "name": "Birch & Waite Creamy Pesto Sauce",
    "url": "https://www.woolworths.com.au/shop/productdetails/215012",
    "img": "https://cdn0.woolworths.media/content/wowproductimages/medium/215012.jpg",
    "price": 5.5,
    "quantity": 0.2,
    "unitPrice": 27.5
  },
  {
    "name": "Birch & Waite Sichuan Style Stir Fry Sauce",
    "url": "https://www.woolworths.com.au/shop/productdetails/239030",
    "img": "https://cdn0.woolworths.media/content/wowproductimages/medium/239030.jpg",
    "price": 5.5,
    "quantity": 0.2,
    "unitPrice": 27.5
  },
  {
    "name": "Birch & Waite Pad Thai Stir Fry Sauce",
    "url": "https://www.woolworths.com.au/shop/productdetails/239543",
    "img": "https://cdn0.woolworths.media/content/wowproductimages/medium/239543.jpg",
    "price": 5.5,
    "quantity": 0.2,
    "unitPrice": 27.5
  },
  {
    "name": "Birch & Waite Cacio E Pepe Style Pasta Sauce",
    "url": "https://www.woolworths.com.au/shop/productdetails/355530",
    "img": "https://cdn0.woolworths.media/content/wowproductimages/medium/355530.jpg",
    "price": 5.5,
    "quantity": 0.2,
    "unitPrice": 27.5
  },
  {
    "name": "Driscoll's Blueberry Punnet",
    "url": "https://www.woolworths.com.au/shop/productdetails/662480",
    "img": "https://cdn0.woolworths.media/content/wowproductimages/medium/662480.jpg",
    "price": 5.5,
    "quantity": 0.2,
    "unitPrice": 27.5
  },
  {
    "name": "Woolworths Swiss Brown Mushrooms Punnet",
    "url": "https://www.woolworths.com.au/shop/productdetails/149930",
    "img": "https://cdn0.woolworths.media/content/wowproductimages/medium/149930.jpg",
    "price": 5.5,
    "quantity": 0.2,
    "unitPrice": 27.5
  },
  {
    "name": "Moira Mac's Oven Roasted Chicken Breast Shredded From The Deli",
    "url": "https://www.woolworths.com.au/shop/productdetails/785788",
    "img": "https://cdn0.woolworths.media/content/wowproductimages/medium/785788.jpg",
    "price": 27.5,
    "quantity": 1,
    "unitPrice": 27.5
  },
  {
    "name": "Moira Mac's Marinated Bbq Chicken Breast Sliced",
    "url": "https://www.woolworths.com.au/shop/productdetails/11303",
    "img": "https://cdn0.woolworths.media/content/wowproductimages/medium/011303.jpg",
    "price": 27.5,
    "quantity": 1,
    "unitPrice": 27.5
  },
  {
    "name": "Bertocchi Gold Long Rindless Bacon",
    "url": "https://www.woolworths.com.au/shop/productdetails/476944",
    "img": "https://cdn0.woolworths.media/content/wowproductimages/medium/476944.jpg",
    "price": 11,
    "quantity": 0.4,
    "unitPrice": 27.5
  },
  {
    "name": "Macro Organic Lean Beef Mince",
    "url": "https://www.woolworths.com.au/shop/productdetails/672975",
    "img": "https://cdn0.woolworths.media/content/wowproductimages/medium/672975.jpg",
    "price": 13.75,
    "quantity": 0.5,
    "unitPrice": 27.5
  },
  {
    "name": "Bertocchi Gold Short Rindless Bacon",
    "url": "https://www.woolworths.com.au/shop/productdetails/476948",
    "img": "https://cdn0.woolworths.media/content/wowproductimages/medium/476948.jpg",
    "price": 11,
    "quantity": 0.4,
    "unitPrice": 27.5
  },
  {
    "name": "Macro Organic Classic Beef Meatballs",
    "url": "https://www.woolworths.com.au/shop/productdetails/133858",
    "img": "https://cdn0.woolworths.media/content/wowproductimages/medium/133858.jpg",
    "price": 11,
    "quantity": 0.4,
    "unitPrice": 27.5
  },
  {
    "name": "Kellogg's Froot Loops Cinnamon Donut Flavour",
    "url": "https://www.woolworths.com.au/shop/productdetails/274873",
    "img": "https://cdn0.woolworths.media/content/wowproductimages/medium/274873.jpg",
    "price": 7,
    "quantity": 0.255,
    "unitPrice": 27.5
  },
  {
    "name": "Birch & Waite Sichuan Style Stir Fry Sauce",
    "url": "https://www.woolworths.com.au/shop/productdetails/239030",
    "img": "https://cdn0.woolworths.media/content/wowproductimages/medium/239030.jpg",
    "price": 5.5,
    "quantity": 0.2,
    "unitPrice": 27.5
  },
  {
    "name": "Birch & Waite Pad Thai Stir Fry Sauce",
    "url": "https://www.woolworths.com.au/shop/productdetails/239543",
    "img": "https://cdn0.woolworths.media/content/wowproductimages/medium/239543.jpg",
    "price": 5.5,
    "quantity": 0.2,
    "unitPrice": 27.5
  },
  {
    "name": "Urban Food CoPigs in Blankets",
    "url": "https://www.aldi.com.au/en/groceries/super-savers/super-savers-detail/ps/p/urban-food-co-pigs-in-blankets-original-290g/",
    "img": "https://www.aldi.com.au/fileadmin/_processed_/4/f/csm_4223_SSV_MEAT_1x1_1_RET_9c41779397.png",
    "price": 7.99,
    "quantity": 0.29,
    "unitPrice": 27.55
  },
  {
    "name": "Garlic Oil",
    "url": "https://www.coles.com.au/product/cobram-garlic-oil-250ml-3823938",
    "img": "https://productimages.coles.com.au/productimages/3/3823938.jpg",
    "price": 6.9,
    "quantity": 0.25,
    "unitPrice": 27.6
  },
  {
    "name": "Garlic And Onion Infused Oil",
    "url": "https://www.coles.com.au/product/cobram-garlic-and-onion-infused-oil-250ml-4689932",
    "img": "https://productimages.coles.com.au/productimages/4/4689932.jpg",
    "price": 6.9,
    "quantity": 0.25,
    "unitPrice": 27.6
  },
  {
    "name": "Chilli Infused Oil",
    "url": "https://www.coles.com.au/product/cobram-chilli-infused-oil-250ml-4971817",
    "img": "https://productimages.coles.com.au/productimages/4/4971817.jpg",
    "price": 6.9,
    "quantity": 0.25,
    "unitPrice": 27.6
  },
  {
    "name": "Sliced Lamb",
    "url": "https://www.coles.com.au/product/poulings-sliced-lamb-290g-4320604",
    "img": "https://productimages.coles.com.au/productimages/4/4320604.jpg",
    "price": 8,
    "quantity": 0.29,
    "unitPrice": 27.6
  },
  {
    "name": "Sliced Lamb",
    "url": "https://www.coles.com.au/product/poulings-sliced-lamb-290g-4320604",
    "img": "https://productimages.coles.com.au/productimages/4/4320604.jpg",
    "price": 8,
    "quantity": 0.29,
    "unitPrice": 27.6
  },
  {
    "name": "Cobram Estate Extra Virgin Olive Oil Garlic Infused",
    "url": "https://www.woolworths.com.au/shop/productdetails/345959",
    "img": "https://cdn0.woolworths.media/content/wowproductimages/medium/345959.jpg",
    "price": 6.9,
    "quantity": 0.25,
    "unitPrice": 27.6
  },
  {
    "name": "Cobram Estate Garlic & Onion Infused Extra Virgin Olive Oil",
    "url": "https://www.woolworths.com.au/shop/productdetails/137502",
    "img": "https://cdn0.woolworths.media/content/wowproductimages/medium/137502.jpg",
    "price": 6.9,
    "quantity": 0.25,
    "unitPrice": 27.6
  },
  {
    "name": "Cobram Estate Extra Virgin Olive Oil Chilli Infused",
    "url": "https://www.woolworths.com.au/shop/productdetails/345958",
    "img": "https://cdn0.woolworths.media/content/wowproductimages/medium/345958.jpg",
    "price": 6.9,
    "quantity": 0.25,
    "unitPrice": 27.6
  },
  {
    "name": "Cobram Estate Garlic & Chilli Oil",
    "url": "https://www.woolworths.com.au/shop/productdetails/243862",
    "img": "https://cdn0.woolworths.media/content/wowproductimages/medium/243862.jpg",
    "price": 6.9,
    "quantity": 0.25,
    "unitPrice": 27.6
  },
  {
    "name": "Cobram Estate Extra Virgin Olive Oil Lemon Infused",
    "url": "https://www.woolworths.com.au/shop/productdetails/321599",
    "img": "https://cdn0.woolworths.media/content/wowproductimages/medium/321599.jpg",
    "price": 6.9,
    "quantity": 0.25,
    "unitPrice": 27.6
  },
  {
    "name": "Cobram Estate Garlic & Rosemary Infused Olive Oil",
    "url": "https://www.woolworths.com.au/shop/productdetails/199663",
    "img": "https://cdn0.woolworths.media/content/wowproductimages/medium/199663.jpg",
    "price": 6.9,
    "quantity": 0.25,
    "unitPrice": 27.6
  },
  {
    "name": "Cobram Estate Lemongrass & Ginger Extra Virgin Olive Oil",
    "url": "https://www.woolworths.com.au/shop/productdetails/242323",
    "img": "https://cdn0.woolworths.media/content/wowproductimages/medium/242323.jpg",
    "price": 6.9,
    "quantity": 0.25,
    "unitPrice": 27.6
  },
  {
    "name": "Cobram Estate Olive Oil Roasted Onion Infused",
    "url": "https://www.woolworths.com.au/shop/productdetails/929191",
    "img": "https://cdn0.woolworths.media/content/wowproductimages/medium/929191.jpg",
    "price": 6.9,
    "quantity": 0.25,
    "unitPrice": 27.6
  },
  {
    "name": "South Native Pumpkin Ricotta Ravioli",
    "url": "https://www.coles.com.au/product/25-degrees-south-native-pumpkin-ricotta-ravioli-325g-4274733",
    "img": "https://productimages.coles.com.au/productimages/4/4274733.jpg",
    "price": 9,
    "quantity": 0.325,
    "unitPrice": 27.7
  },
  {
    "name": "Victorian Three Cheese Ravioli",
    "url": "https://www.coles.com.au/product/25-degrees-south-victorian-three-cheese-ravioli-325g-4274744",
    "img": "https://productimages.coles.com.au/productimages/4/4274744.jpg",
    "price": 9,
    "quantity": 0.325,
    "unitPrice": 27.7
  },
  {
    "name": "Ravioli Baby Spinach & Fetta ",
    "url": "https://www.coles.com.au/product/25-degrees-south-ravioli-baby-spinach-&-fetta--325g-5152833",
    "img": "https://productimages.coles.com.au/productimages/5/5152833.jpg",
    "price": 9,
    "quantity": 0.325,
    "unitPrice": 27.7
  },
  {
    "name": "South Prosciutto & Ricotta Ravioli",
    "url": "https://www.coles.com.au/product/25-degrees-south-prosciutto-&-ricotta-ravioli-325g-6399591",
    "img": "https://productimages.coles.com.au/productimages/6/6399591.jpg",
    "price": 9,
    "quantity": 0.325,
    "unitPrice": 27.7
  },
  {
    "name": "Spinach Zucchini Feta & Pepita Wholemeal Quiche",
    "url": "https://www.coles.com.au/product/herbert-adams-spinach-zucchini-feta-&-pepita-wholemeal-quiche-650g-5582402",
    "img": "https://productimages.coles.com.au/productimages/5/5582402.jpg",
    "price": 18,
    "quantity": 0.65,
    "unitPrice": 27.7
  },
  {
    "name": "Fusian Instant Cup Noodles Hot & Spicy",
    "url": "https://www.coles.com.au/product/maggi-fusian-instant-cup-noodles-hot-&-spicy-65g-8097710",
    "img": "https://productimages.coles.com.au/productimages/8/8097710.jpg",
    "price": 1.8,
    "quantity": 0.065,
    "unitPrice": 27.7
  },
  {
    "name": "Burrito Bowl Kit",
    "url": "https://www.coles.com.au/product/old-el-paso-burrito-bowl-kit-240g-6341671",
    "img": "https://productimages.coles.com.au/productimages/6/6341671.jpg",
    "price": 6.65,
    "quantity": 0.24,
    "unitPrice": 27.7
  },
  {
    "name": "Premium Pears",
    "url": "https://www.coles.com.au/product/coles-premium-pears-180g-3571733",
    "img": "https://productimages.coles.com.au/productimages/3/3571733.jpg",
    "price": 5,
    "quantity": 0.18,
    "unitPrice": 27.78
  },
  {
    "name": "Sunbeam Yoghurt Coated Sultanas",
    "url": "https://www.woolworths.com.au/shop/productdetails/466062",
    "img": "https://cdn0.woolworths.media/content/wowproductimages/medium/466062.jpg",
    "price": 5,
    "quantity": 0.18,
    "unitPrice": 27.78
  },
  {
    "name": "Fueld Peri Peri Chicken With Spicy Mayo",
    "url": "https://www.coles.com.au/product/youfoodz-fueld-peri-peri-chicken-with-spicy-mayo-430g-4204840",
    "img": "https://productimages.coles.com.au/productimages/4/4204840.jpg",
    "price": 11.95,
    "quantity": 0.43,
    "unitPrice": 27.8
  },
  {
    "name": "Fueld Portuguese Chicken & Rice",
    "url": "https://www.coles.com.au/product/youfoodz-fueld-portuguese-chicken-&-rice-430g-4687325",
    "img": "https://productimages.coles.com.au/productimages/4/4687325.jpg",
    "price": 11.95,
    "quantity": 0.43,
    "unitPrice": 27.8
  },
  {
    "name": "Crepes Chocolate",
    "url": "https://www.coles.com.au/product/toscano-crepes-chocolate-180g-2902427",
    "img": "https://productimages.coles.com.au/productimages/2/2902427.jpg",
    "price": 5,
    "quantity": 0.18,
    "unitPrice": 27.8
  },
  {
    "name": "Vegetable Tart",
    "url": "https://www.coles.com.au/product/coles-vegetable-tart-180g-3866271",
    "img": "https://productimages.coles.com.au/productimages/3/3866271.jpg",
    "price": 5,
    "quantity": 0.18,
    "unitPrice": 27.8
  },
  {
    "name": "Quiche Lorraine",
    "url": "https://www.coles.com.au/product/coles-quiche-lorraine-180g-3866282",
    "img": "https://productimages.coles.com.au/productimages/3/3866282.jpg",
    "price": 5,
    "quantity": 0.18,
    "unitPrice": 27.8
  },
  {
    "name": "Baking White Chocolate Block",
    "url": "https://www.coles.com.au/product/cadbury-baking-white-chocolate-block-180g-2313685",
    "img": "https://productimages.coles.com.au/productimages/2/2313685.jpg",
    "price": 5,
    "quantity": 0.18,
    "unitPrice": 27.8
  },
  {
    "name": "Baking Dark Chocolate Block",
    "url": "https://www.coles.com.au/product/cadbury-baking-dark-chocolate-block-180g-2313696",
    "img": "https://productimages.coles.com.au/productimages/2/2313696.jpg",
    "price": 5,
    "quantity": 0.18,
    "unitPrice": 27.8
  },
  {
    "name": "Milk Chocolate Baking Block",
    "url": "https://www.coles.com.au/product/cadbury-milk-chocolate-baking-block-180g-2313700",
    "img": "https://productimages.coles.com.au/productimages/2/2313700.jpg",
    "price": 5,
    "quantity": 0.18,
    "unitPrice": 27.8
  },
  {
    "name": "Baking 70% Cocoa Dark Chocolate Block ",
    "url": "https://www.coles.com.au/product/cadbury-baking-70%-cocoa-dark-chocolate-block--180g-2516605",
    "img": "https://productimages.coles.com.au/productimages/2/2516605.jpg",
    "price": 5,
    "quantity": 0.18,
    "unitPrice": 27.8
  },
  {
    "name": "Milk Chocolate Baking Block",
    "url": "https://www.coles.com.au/product/cadbury-milk-chocolate-baking-block-180g-2313700",
    "img": "https://productimages.coles.com.au/productimages/2/2313700.jpg",
    "price": 5,
    "quantity": 0.18,
    "unitPrice": 27.8
  },
  {
    "name": "Baking 70% Cocoa Dark Chocolate Block ",
    "url": "https://www.coles.com.au/product/cadbury-baking-70%-cocoa-dark-chocolate-block--180g-2516605",
    "img": "https://productimages.coles.com.au/productimages/2/2516605.jpg",
    "price": 5,
    "quantity": 0.18,
    "unitPrice": 27.8
  },
  {
    "name": "Gluten Free Tortillas Fajita",
    "url": "https://www.coles.com.au/product/old-el-paso-gluten-free-tortillas-fajita-216g-3198695",
    "img": "https://productimages.coles.com.au/productimages/3/3198695.jpg",
    "price": 6,
    "quantity": 0.216,
    "unitPrice": 27.8
  },
  {
    "name": "Bare Bakers Choc Brownie",
    "url": "https://www.woolworths.com.au/shop/productdetails/852474",
    "img": "https://cdn0.woolworths.media/content/wowproductimages/medium/852474.jpg",
    "price": 7.5,
    "quantity": 0.27,
    "unitPrice": 27.8
  },
  {
    "name": "Bare Bakers Salted Caramel Choc Brownie",
    "url": "https://www.woolworths.com.au/shop/productdetails/852475",
    "img": "https://cdn0.woolworths.media/content/wowproductimages/medium/852475.jpg",
    "price": 7.5,
    "quantity": 0.27,
    "unitPrice": 27.8
  },
  {
    "name": "Cadbury Baking Milk Chocolate Block",
    "url": "https://www.woolworths.com.au/shop/productdetails/813865",
    "img": "https://cdn0.woolworths.media/content/wowproductimages/medium/813865.jpg",
    "price": 5,
    "quantity": 0.18,
    "unitPrice": 27.8
  },
  {
    "name": "Cadbury Baking Dark 70% Cocoa Chocolate Block",
    "url": "https://www.woolworths.com.au/shop/productdetails/813878",
    "img": "https://cdn0.woolworths.media/content/wowproductimages/medium/813878.jpg",
    "price": 5,
    "quantity": 0.18,
    "unitPrice": 27.8
  },
  {
    "name": "Cadbury Baking White Chocolate Block",
    "url": "https://www.woolworths.com.au/shop/productdetails/813880",
    "img": "https://cdn0.woolworths.media/content/wowproductimages/medium/813880.jpg",
    "price": 5,
    "quantity": 0.18,
    "unitPrice": 27.8
  },
  {
    "name": "Cadbury Baking Dark Chocolate Block",
    "url": "https://www.woolworths.com.au/shop/productdetails/813868",
    "img": "https://cdn0.woolworths.media/content/wowproductimages/medium/813868.jpg",
    "price": 5,
    "quantity": 0.18,
    "unitPrice": 27.8
  },
  {
    "name": "Nestle Plaistowe Dark Chocolate Baking Block",
    "url": "https://www.woolworths.com.au/shop/productdetails/227337",
    "img": "https://cdn0.woolworths.media/content/wowproductimages/medium/227337.jpg",
    "price": 5,
    "quantity": 0.18,
    "unitPrice": 27.8
  },
  {
    "name": "Nestle Plaistowe White Chocolate Baking Block",
    "url": "https://www.woolworths.com.au/shop/productdetails/188643",
    "img": "https://cdn0.woolworths.media/content/wowproductimages/medium/188643.jpg",
    "price": 5,
    "quantity": 0.18,
    "unitPrice": 27.8
  },
  {
    "name": "Nestle Plaistowe Milk Chocolate Baking Block",
    "url": "https://www.woolworths.com.au/shop/productdetails/227173",
    "img": "https://cdn0.woolworths.media/content/wowproductimages/medium/227173.jpg",
    "price": 5,
    "quantity": 0.18,
    "unitPrice": 27.8
  },
  {
    "name": "Nestle Plaistowe 70% Cocoa Baking Chocolate Block",
    "url": "https://www.woolworths.com.au/shop/productdetails/227127",
    "img": "https://cdn0.woolworths.media/content/wowproductimages/medium/227127.jpg",
    "price": 5,
    "quantity": 0.18,
    "unitPrice": 27.8
  },
  {
    "name": "Chicken Chow Mein Noodle Cup",
    "url": "https://www.coles.com.au/product/fantastic-chicken-chow-mein-noodle-cup-70g-5565888",
    "img": "https://productimages.coles.com.au/productimages/5/5565888.jpg",
    "price": 1.95,
    "quantity": 0.07,
    "unitPrice": 27.9
  },
  {
    "name": "Beef Noodle Cup",
    "url": "https://www.coles.com.au/product/fantastic-beef-noodle-cup-70g-5588792",
    "img": "https://productimages.coles.com.au/productimages/5/5588792.jpg",
    "price": 1.95,
    "quantity": 0.07,
    "unitPrice": 27.9
  },
  {
    "name": "Chicken Noodle Cup",
    "url": "https://www.coles.com.au/product/fantastic-chicken-noodle-cup-70g-5588840",
    "img": "https://productimages.coles.com.au/productimages/5/5588840.jpg",
    "price": 1.95,
    "quantity": 0.07,
    "unitPrice": 27.9
  },
  {
    "name": "Oriental Noodle Cup",
    "url": "https://www.coles.com.au/product/fantastic-oriental-noodle-cup-70g-6046730",
    "img": "https://productimages.coles.com.au/productimages/6/6046730.jpg",
    "price": 1.95,
    "quantity": 0.07,
    "unitPrice": 27.9
  },
  {
    "name": "Crispy Bacon Noodle Cup",
    "url": "https://www.coles.com.au/product/fantastic-crispy-bacon-noodle-cup-70g-6046740",
    "img": "https://productimages.coles.com.au/productimages/6/6046740.jpg",
    "price": 1.95,
    "quantity": 0.07,
    "unitPrice": 27.9
  },
  {
    "name": "Gluten Free Jumbo Tortillas Burrito 4 Pack",
    "url": "https://www.coles.com.au/product/old-el-paso-gluten-free-jumbo-tortillas-burrito-4-pack-215g-4322552",
    "img": "https://productimages.coles.com.au/productimages/4/4322552.jpg",
    "price": 6,
    "quantity": 0.215,
    "unitPrice": 27.9
  },
  {
    "name": "Caramel Milk Chocolate Wafers Biscuits 8 Pack",
    "url": "https://www.coles.com.au/product/tunnock's-caramel-milk-chocolate-wafers-biscuits-8-pack-240g-8946210",
    "img": "https://productimages.coles.com.au/productimages/8/8946210.jpg",
    "price": 6.7,
    "quantity": 0.24,
    "unitPrice": 27.9
  },
  {
    "name": "Australian Red Wine Finishing Sauce",
    "url": "https://www.coles.com.au/product/maggie-beer-australian-red-wine-finishing-sauce-170g-6339421",
    "img": "https://productimages.coles.com.au/productimages/6/6339421.jpg",
    "price": 4.75,
    "quantity": 0.17,
    "unitPrice": 27.9
  },
  {
    "name": "Beer Classic Peppercorn Finishing Sauce",
    "url": "https://www.coles.com.au/product/maggie-beer-classic-peppercorn-finishing-sauce-170g-6339432",
    "img": "https://productimages.coles.com.au/productimages/6/6339432.jpg",
    "price": 4.75,
    "quantity": 0.17,
    "unitPrice": 27.9
  },
  {
    "name": "Traditional Diane Finishing Sauce",
    "url": "https://www.coles.com.au/product/maggie-beer-traditional-diane-finishing-sauce-170g-6339454",
    "img": "https://productimages.coles.com.au/productimages/6/6339454.jpg",
    "price": 4.75,
    "quantity": 0.17,
    "unitPrice": 27.9
  },
  {
    "name": "Perform Katsu Chicken Curry",
    "url": "https://www.coles.com.au/product/coles-perform-katsu-chicken-curry-340g-6038276",
    "img": "https://productimages.coles.com.au/productimages/6/6038276.jpg",
    "price": 9.5,
    "quantity": 0.34,
    "unitPrice": 27.9
  },
  {
    "name": "Perform Sweet And Sour Chicken",
    "url": "https://www.coles.com.au/product/coles-perform-sweet-and-sour-chicken-340g-6630566",
    "img": "https://productimages.coles.com.au/productimages/6/6630566.jpg",
    "price": 9.5,
    "quantity": 0.34,
    "unitPrice": 27.9
  },
  {
    "name": "Perform Katsu Chicken Curry",
    "url": "https://www.coles.com.au/product/coles-perform-katsu-chicken-curry-340g-6038276",
    "img": "https://productimages.coles.com.au/productimages/6/6038276.jpg",
    "price": 9.5,
    "quantity": 0.34,
    "unitPrice": 27.9
  },
  {
    "name": "Perform Sweet And Sour Chicken",
    "url": "https://www.coles.com.au/product/coles-perform-sweet-and-sour-chicken-340g-6630566",
    "img": "https://productimages.coles.com.au/productimages/6/6630566.jpg",
    "price": 9.5,
    "quantity": 0.34,
    "unitPrice": 27.9
  },
  {
    "name": "Leggo's Pesto Traditional Basil",
    "url": "https://www.woolworths.com.au/shop/productdetails/94375",
    "img": "https://cdn0.woolworths.media/content/wowproductimages/medium/094375.jpg",
    "price": 5.3,
    "quantity": 0.19,
    "unitPrice": 27.9
  },
  {
    "name": "Leggo's Pesto Sundried Tomato",
    "url": "https://www.woolworths.com.au/shop/productdetails/94376",
    "img": "https://cdn0.woolworths.media/content/wowproductimages/medium/094376.jpg",
    "price": 5.3,
    "quantity": 0.19,
    "unitPrice": 27.9
  },
  {
    "name": "Virginian Leg Ham Sliced",
    "url": "https://www.coles.com.au/product/don-virginian-leg-ham-sliced-approx.-100g-3052929",
    "img": "https://productimages.coles.com.au/productimages/3/3052929.jpg",
    "price": 2.79,
    "quantity": 0.1,
    "unitPrice": 27.95
  },
  {
    "name": "Butter With Crushed Garlic",
    "url": "https://www.coles.com.au/product/lurpak-butter-with-crushed-garlic-125g-1730188",
    "img": "https://productimages.coles.com.au/productimages/1/1730188.jpg",
    "price": 3.5,
    "quantity": 0.125,
    "unitPrice": 28
  },
  {
    "name": "Roti Mini",
    "url": "https://www.coles.com.au/product/supreme-quality-foods-roti-mini-125g-9230270",
    "img": "https://productimages.coles.com.au/productimages/9/9230270.jpg",
    "price": 3.5,
    "quantity": 0.125,
    "unitPrice": 28
  },
  {
    "name": "Extra Tasty Cheese Block",
    "url": "https://www.coles.com.au/product/mainland-extra-tasty-cheese-block-250g-3274148",
    "img": "https://productimages.coles.com.au/productimages/3/3274148.jpg",
    "price": 7,
    "quantity": 0.25,
    "unitPrice": 28
  },
  {
    "name": "Organic Cheddar Slices",
    "url": "https://www.coles.com.au/product/the-organic-milk-co-organic-cheddar-slices-250g-4380865",
    "img": "https://productimages.coles.com.au/productimages/4/4380865.jpg",
    "price": 7,
    "quantity": 0.25,
    "unitPrice": 28
  },
  {
    "name": "Butter With Crushed Garlic",
    "url": "https://www.coles.com.au/product/lurpak-butter-with-crushed-garlic-125g-1730188",
    "img": "https://productimages.coles.com.au/productimages/1/1730188.jpg",
    "price": 3.5,
    "quantity": 0.125,
    "unitPrice": 28
  },
  {
    "name": "Roti Mini",
    "url": "https://www.coles.com.au/product/supreme-quality-foods-roti-mini-125g-9230270",
    "img": "https://productimages.coles.com.au/productimages/9/9230270.jpg",
    "price": 3.5,
    "quantity": 0.125,
    "unitPrice": 28
  },
  {
    "name": "Extra Tasty Cheese Block",
    "url": "https://www.coles.com.au/product/mainland-extra-tasty-cheese-block-250g-3274148",
    "img": "https://productimages.coles.com.au/productimages/3/3274148.jpg",
    "price": 7,
    "quantity": 0.25,
    "unitPrice": 28
  },
  {
    "name": "Organic Cheddar Slices",
    "url": "https://www.coles.com.au/product/the-organic-milk-co-organic-cheddar-slices-250g-4380865",
    "img": "https://productimages.coles.com.au/productimages/4/4380865.jpg",
    "price": 7,
    "quantity": 0.25,
    "unitPrice": 28
  },
  {
    "name": "Thawed Raw Peeled Prawn Meat",
    "url": "https://www.coles.com.au/product/coles-deli-thawed-raw-peeled-prawn-meat-approx.-250g-3944524",
    "img": "https://productimages.coles.com.au/productimages/3/3944524.jpg",
    "price": 7,
    "quantity": 0.25,
    "unitPrice": 28
  },
  {
    "name": "Thawed Raw Peeled Prawn Meat",
    "url": "https://www.coles.com.au/product/coles-deli-thawed-raw-peeled-prawn-meat-approx.-250g-3944524",
    "img": "https://productimages.coles.com.au/productimages/3/3944524.jpg",
    "price": 7,
    "quantity": 0.25,
    "unitPrice": 28
  },
  {
    "name": "BBQ Seasoned Shredded Chicken",
    "url": "https://www.coles.com.au/product/coles-bbq-seasoned-shredded-chicken-approx.100g-1873039",
    "img": "https://productimages.coles.com.au/productimages/1/1873039.jpg",
    "price": 2.8,
    "quantity": 0.1,
    "unitPrice": 28
  },
  {
    "name": "Semi Dried Tomatoes Kalamata Fetta",
    "url": "https://www.coles.com.au/product/coles-semi-dried-tomatoes-kalamata-fetta-appox.-100g-3067857",
    "img": "https://productimages.coles.com.au/productimages/3/3067857.jpg",
    "price": 2.8,
    "quantity": 0.1,
    "unitPrice": 28
  },
  {
    "name": "Australian Hand Crafted Triple Smoked Leg Ham From The Deli",
    "url": "https://www.coles.com.au/product/coles-australian-hand-crafted-triple-smoked-leg-ham-from-the-deli-approx.-100g-6758399",
    "img": "https://productimages.coles.com.au/productimages/6/6758399.jpg",
    "price": 2.8,
    "quantity": 0.1,
    "unitPrice": 28
  },
  {
    "name": "Australian Hand Crafted Honey Leg Ham From The Deli",
    "url": "https://www.coles.com.au/product/coles-australian-hand-crafted-honey-leg-ham-from-the-deli-approx.-100g-6758640",
    "img": "https://productimages.coles.com.au/productimages/6/6758640.jpg",
    "price": 2.8,
    "quantity": 0.1,
    "unitPrice": 28
  },
  {
    "name": "Premium Raw Mixed Nuts",
    "url": "https://www.coles.com.au/product/coles-premium-raw-mixed-nuts-250g-4448743",
    "img": "https://productimages.coles.com.au/productimages/4/4448743.jpg",
    "price": 7,
    "quantity": 0.25,
    "unitPrice": 28
  },
  {
    "name": "Premium Raw Mixed Nuts",
    "url": "https://www.coles.com.au/product/coles-premium-raw-mixed-nuts-250g-4448743",
    "img": "https://productimages.coles.com.au/productimages/4/4448743.jpg",
    "price": 7,
    "quantity": 0.25,
    "unitPrice": 28
  },
  {
    "name": "Four Cheeses Pasta & Sauce Serves 3",
    "url": "https://www.coles.com.au/product/continental-four-cheeses-pasta-&-sauce-serves-3-100g-4725800",
    "img": "https://productimages.coles.com.au/productimages/4/4725800.jpg",
    "price": 2.8,
    "quantity": 0.1,
    "unitPrice": 28
  },
  {
    "name": "Tomato Lasagne Casserole Sauce Mix One Pan Dinner",
    "url": "https://www.coles.com.au/product/tandaco-tomato-lasagne-casserole-sauce-mix-one-pan-dinner-200g-5130706",
    "img": "https://productimages.coles.com.au/productimages/5/5130706.jpg",
    "price": 5.6,
    "quantity": 0.2,
    "unitPrice": 28
  },
  {
    "name": "Savoury Noodle Pasta & Sauce One Pan Dinner",
    "url": "https://www.coles.com.au/product/tandaco-savoury-noodle-pasta-&-sauce-one-pan-dinner-200g-5150474",
    "img": "https://productimages.coles.com.au/productimages/5/5150474.jpg",
    "price": 5.6,
    "quantity": 0.2,
    "unitPrice": 28
  },
  {
    "name": "Espresso Coffee Beans",
    "url": "https://www.coles.com.au/product/vittoria-espresso-coffee-beans-500g-3208358",
    "img": "https://productimages.coles.com.au/productimages/3/3208358.jpg",
    "price": 14,
    "quantity": 0.5,
    "unitPrice": 28
  },
  {
    "name": "Instant Coffee",
    "url": "https://www.coles.com.au/product/international-roast-instant-coffee-500g-340246",
    "img": "https://productimages.coles.com.au/productimages/3/340246.jpg",
    "price": 14,
    "quantity": 0.5,
    "unitPrice": 28
  },
  {
    "name": "Espresso Ground Coffee",
    "url": "https://www.coles.com.au/product/vittoria-espresso-ground-coffee-500g-8830566",
    "img": "https://productimages.coles.com.au/productimages/8/8830566.jpg",
    "price": 14,
    "quantity": 0.5,
    "unitPrice": 28
  },
  {
    "name": "Whole Black Peppercorn Refill Bag",
    "url": "https://www.coles.com.au/product/coles-whole-black-peppercorn-refill-bag-200g-3775890",
    "img": "https://productimages.coles.com.au/productimages/3/3775890.jpg",
    "price": 5.5,
    "quantity": 0.2,
    "unitPrice": 28
  },
  {
    "name": "Extra Virgin Olive Oil Balsamic",
    "url": "https://www.coles.com.au/product/moro-extra-virgin-olive-oil-balsamic-250ml-3034097",
    "img": "https://productimages.coles.com.au/productimages/3/3034097.jpg",
    "price": 7,
    "quantity": 0.25,
    "unitPrice": 28
  },
  {
    "name": "Truffle Extra Virgin Olive Oil",
    "url": "https://www.coles.com.au/product/la-espanola-truffle-extra-virgin-olive-oil-250ml-4992577",
    "img": "https://productimages.coles.com.au/productimages/4/4992577.jpg",
    "price": 7,
    "quantity": 0.25,
    "unitPrice": 28
  },
  {
    "name": "Gravy Granules for Roast Meat",
    "url": "https://www.coles.com.au/product/green's-gravy-granules-for-roast-meat-120g-7302777",
    "img": "https://productimages.coles.com.au/productimages/7/7302777.jpg",
    "price": 3.3,
    "quantity": 0.12,
    "unitPrice": 28
  },
  {
    "name": "Stock Powder Organic Gourmet",
    "url": "https://www.coles.com.au/product/vegeta-stock-powder-organic-gourmet-160g-4224790",
    "img": "https://productimages.coles.com.au/productimages/4/4224790.jpg",
    "price": 4.5,
    "quantity": 0.16,
    "unitPrice": 28
  },
  {
    "name": "Frozen Cheese Burger",
    "url": "https://www.coles.com.au/product/on-the-menu-frozen-cheese-burger-161g-1535105",
    "img": "https://productimages.coles.com.au/productimages/1/1535105.jpg",
    "price": 4.5,
    "quantity": 0.161,
    "unitPrice": 28
  },
  {
    "name": "Take Outs Louisiana Style Tenders",
    "url": "https://www.coles.com.au/product/tegel-take-outs-louisiana-style-tenders-500g-6943175",
    "img": "https://productimages.coles.com.au/productimages/6/6943175.jpg",
    "price": 14,
    "quantity": 0.5,
    "unitPrice": 28
  },
  {
    "name": "Frozen Cheese Burger",
    "url": "https://www.coles.com.au/product/on-the-menu-frozen-cheese-burger-161g-1535105",
    "img": "https://productimages.coles.com.au/productimages/1/1535105.jpg",
    "price": 4.5,
    "quantity": 0.161,
    "unitPrice": 28
  },
  {
    "name": "Take Outs Louisiana Style Tenders",
    "url": "https://www.coles.com.au/product/tegel-take-outs-louisiana-style-tenders-500g-6943175",
    "img": "https://productimages.coles.com.au/productimages/6/6943175.jpg",
    "price": 14,
    "quantity": 0.5,
    "unitPrice": 28
  },
  {
    "name": "Thawed Raw Peeled Prawn Meat",
    "url": "https://www.coles.com.au/product/coles-deli-thawed-raw-peeled-prawn-meat-approx.-250g-3944524",
    "img": "https://productimages.coles.com.au/productimages/3/3944524.jpg",
    "price": 7,
    "quantity": 0.25,
    "unitPrice": 28
  },
  {
    "name": "Thawed Raw Peeled Prawn Meat",
    "url": "https://www.coles.com.au/product/coles-deli-thawed-raw-peeled-prawn-meat-approx.-250g-3944524",
    "img": "https://productimages.coles.com.au/productimages/3/3944524.jpg",
    "price": 7,
    "quantity": 0.25,
    "unitPrice": 28
  },
  {
    "name": "Monini White Truffle Extra Virgin Olive Oil",
    "url": "https://www.woolworths.com.au/shop/productdetails/165920",
    "img": "https://cdn0.woolworths.media/content/wowproductimages/medium/165920.jpg",
    "price": 7,
    "quantity": 0.25,
    "unitPrice": 28
  },
  {
    "name": "Cobram Estate Extra Virgin Rich & Robust Olive Oil",
    "url": "https://www.woolworths.com.au/shop/productdetails/302643",
    "img": "https://cdn0.woolworths.media/content/wowproductimages/medium/302643.jpg",
    "price": 10.5,
    "quantity": 0.375,
    "unitPrice": 28
  },
  {
    "name": "Cobram Estate Olive Oil Extra Virgin",
    "url": "https://www.woolworths.com.au/shop/productdetails/193319",
    "img": "https://cdn0.woolworths.media/content/wowproductimages/medium/193319.jpg",
    "price": 10.5,
    "quantity": 0.375,
    "unitPrice": 28
  },
  {
    "name": "Cobram Estate Light Olive Oil Extra Virgin",
    "url": "https://www.woolworths.com.au/shop/productdetails/302647",
    "img": "https://cdn0.woolworths.media/content/wowproductimages/medium/302647.jpg",
    "price": 10.5,
    "quantity": 0.375,
    "unitPrice": 28
  },
  {
    "name": "Barramundi Skin Off Fillets Bag & Bake Teriyaki Ginger",
    "url": "https://www.woolworths.com.au/shop/productdetails/859131",
    "img": "https://cdn0.woolworths.media/content/wowproductimages/medium/859131.jpg",
    "price": 28,
    "quantity": 1,
    "unitPrice": 28
  },
  {
    "name": "Just Caught Peeled & Deveined Raw Prawns",
    "url": "https://www.woolworths.com.au/shop/productdetails/666563",
    "img": "https://cdn0.woolworths.media/content/wowproductimages/medium/666563.jpg",
    "price": 28,
    "quantity": 1,
    "unitPrice": 28
  },
  {
    "name": "Woolworths Plantitude Vegan Belgian Dark Chocolate Brownie",
    "url": "https://www.woolworths.com.au/shop/productdetails/55049",
    "img": "https://cdn0.woolworths.media/content/wowproductimages/medium/055049.jpg",
    "price": 7,
    "quantity": 0.25,
    "unitPrice": 28
  },
  {
    "name": "Woolworths Lamb Midloins 3 - 6 Pieces 6-8 Pieces",
    "url": "https://www.woolworths.com.au/shop/productdetails/764967",
    "img": "https://cdn0.woolworths.media/content/wowproductimages/medium/764967.jpg",
    "price": 22.4,
    "quantity": 0.8,
    "unitPrice": 28
  },
  {
    "name": "Macro Grass Fed Beef Rump Roast",
    "url": "https://www.woolworths.com.au/shop/productdetails/254550",
    "img": "https://cdn0.woolworths.media/content/wowproductimages/medium/254550.jpg",
    "price": 23.8,
    "quantity": 0.85,
    "unitPrice": 28
  },
  {
    "name": "Macro Grass Fed Australian Lamb Shoulder Rosemary & Garlic",
    "url": "https://www.woolworths.com.au/shop/productdetails/288125",
    "img": "https://cdn0.woolworths.media/content/wowproductimages/medium/288125.jpg",
    "price": 16.8,
    "quantity": 0.6,
    "unitPrice": 28
  },
  {
    "name": "Woolworths Cinnamon Sugar",
    "url": "https://www.woolworths.com.au/shop/productdetails/251001",
    "img": "https://cdn0.woolworths.media/content/wowproductimages/medium/251001.jpg",
    "price": 1.65,
    "quantity": 0.06,
    "unitPrice": 28
  },
  {
    "name": "Leatherwood Organic Honey",
    "url": "https://www.woolworths.com.au/shop/productdetails/287",
    "img": "https://cdn0.woolworths.media/content/wowproductimages/medium/000287.jpg",
    "price": 14,
    "quantity": 0.5,
    "unitPrice": 28
  },
  {
    "name": "Gravox Pepper Sauce Mix Tin Mix Pepper Sauce",
    "url": "https://www.woolworths.com.au/shop/productdetails/49587",
    "img": "https://cdn0.woolworths.media/content/wowproductimages/medium/049587.jpg",
    "price": 3.9,
    "quantity": 0.14,
    "unitPrice": 28
  },
  {
    "name": "Continental Superb Stock Beef Stock Powder",
    "url": "https://www.woolworths.com.au/shop/productdetails/446313",
    "img": "https://cdn0.woolworths.media/content/wowproductimages/medium/446313.jpg",
    "price": 3.5,
    "quantity": 0.125,
    "unitPrice": 28
  },
  {
    "name": "Mckenzie's Vegan Instant Dried Baker's Yeast",
    "url": "https://www.woolworths.com.au/shop/productdetails/143327",
    "img": "https://cdn0.woolworths.media/content/wowproductimages/medium/143327.jpg",
    "price": 5.6,
    "quantity": 0.2,
    "unitPrice": 28
  },
  {
    "name": "Dollar Sweets Jurassic Bitz",
    "url": "https://www.woolworths.com.au/shop/productdetails/491631",
    "img": "https://cdn0.woolworths.media/content/wowproductimages/medium/491631.jpg",
    "price": 3.5,
    "quantity": 0.125,
    "unitPrice": 28
  },
  {
    "name": "Macro Natural Almond Kernels",
    "url": "https://www.woolworths.com.au/shop/productdetails/235127",
    "img": "https://cdn0.woolworths.media/content/wowproductimages/medium/235127.jpg",
    "price": 7,
    "quantity": 0.25,
    "unitPrice": 28
  },
  {
    "name": "Mini Croissants",
    "url": "https://www.coles.com.au/product/coles-mini-croissants-160g-9933564",
    "img": "https://productimages.coles.com.au/productimages/9/9933564.jpg",
    "price": 4.5,
    "quantity": 0.16,
    "unitPrice": 28.1
  },
  {
    "name": "Fusian Instant Cup Noodles Soy & Mild Spice",
    "url": "https://www.coles.com.au/product/maggi-fusian-instant-cup-noodles-soy-&-mild-spice-64g-8097720",
    "img": "https://productimages.coles.com.au/productimages/8/8097720.jpg",
    "price": 1.8,
    "quantity": 0.064,
    "unitPrice": 28.1
  },
  {
    "name": "99% Sugar Free Sticks Double Choc 4 Pack",
    "url": "https://www.coles.com.au/product/twisted-licks--99%-sugar-free-sticks-double-choc-4-pack-320ml-3778083",
    "img": "https://productimages.coles.com.au/productimages/3/3778083.jpg",
    "price": 9,
    "quantity": 0.32,
    "unitPrice": 28.1
  },
  {
    "name": "Licks 99% Sugar Free Dipped Vanilla Latte 4Pack",
    "url": "https://www.coles.com.au/product/twisted-licks-99%-sugar-free-dipped-vanilla-latte-4pack-320ml-5491792",
    "img": "https://productimages.coles.com.au/productimages/5/5491792.jpg",
    "price": 9,
    "quantity": 0.32,
    "unitPrice": 28.1
  },
  {
    "name": "99% Sugar Free Sticks Double Choc 4 Pack",
    "url": "https://www.coles.com.au/product/twisted-licks--99%-sugar-free-sticks-double-choc-4-pack-320ml-3778083",
    "img": "https://productimages.coles.com.au/productimages/3/3778083.jpg",
    "price": 9,
    "quantity": 0.32,
    "unitPrice": 28.1
  },
  {
    "name": "Licks 99% Sugar Free Dipped Vanilla Latte 4Pack",
    "url": "https://www.coles.com.au/product/twisted-licks-99%-sugar-free-dipped-vanilla-latte-4pack-320ml-5491792",
    "img": "https://productimages.coles.com.au/productimages/5/5491792.jpg",
    "price": 9,
    "quantity": 0.32,
    "unitPrice": 28.1
  },
  {
    "name": "Solid Light Tuna In Olive Oil 2 Pack",
    "url": "https://www.coles.com.au/product/callipo-solid-light-tuna-in-olive-oil-2-pack-320g-5019742",
    "img": "https://productimages.coles.com.au/productimages/5/5019742.jpg",
    "price": 9,
    "quantity": 0.32,
    "unitPrice": 28.13
  },
  {
    "name": "I'M Free From Fruit Mince Pies 4 pack",
    "url": "https://www.coles.com.au/product/coles-i'm-free-from-fruit-mince-pies-4-pack-220g-3527403",
    "img": "https://productimages.coles.com.au/productimages/3/3527403.jpg",
    "price": 6.2,
    "quantity": 0.22,
    "unitPrice": 28.2
  },
  {
    "name": "Low Carb Mini 6 pack",
    "url": "https://www.coles.com.au/product/simson's-pantry-low-carb-mini-6-pack-156g-4330685",
    "img": "https://productimages.coles.com.au/productimages/4/4330685.jpg",
    "price": 4.4,
    "quantity": 0.156,
    "unitPrice": 28.2
  },
  {
    "name": "Salmon Bowl Tomato Risoni",
    "url": "https://www.coles.com.au/product/john-west-salmon-bowl-tomato-risoni-170g-6736589",
    "img": "https://productimages.coles.com.au/productimages/6/6736589.jpg",
    "price": 4.8,
    "quantity": 0.17,
    "unitPrice": 28.24
  },
  {
    "name": "Salmon Bowl Coconut Lime Chilli And Rice",
    "url": "https://www.coles.com.au/product/john-west-salmon-bowl-coconut-lime-chilli-and-rice-170g-6736590",
    "img": "https://productimages.coles.com.au/productimages/6/6736590.jpg",
    "price": 4.8,
    "quantity": 0.17,
    "unitPrice": 28.24
  },
  {
    "name": "Salmon Bowl With Soy Veg And Black Rice",
    "url": "https://www.coles.com.au/product/john-west-salmon-bowl-with-soy-veg-and-black-rice-170g-6736603",
    "img": "https://productimages.coles.com.au/productimages/6/6736603.jpg",
    "price": 4.8,
    "quantity": 0.17,
    "unitPrice": 28.24
  },
  {
    "name": "Frozen Fish Fillets With Lemon Pepper Crumb Oven Bake 6 pack",
    "url": "https://www.coles.com.au/product/birds-eye-frozen-fish-fillets-with-lemon-pepper-crumb-oven-bake-6-pack-425g-4896121",
    "img": "https://productimages.coles.com.au/productimages/4/4896121.jpg",
    "price": 12,
    "quantity": 0.425,
    "unitPrice": 28.24
  },
  {
    "name": "Frozen Fish Fillets With Herb & Garlic Crumb Oven Bake 6 pack",
    "url": "https://www.coles.com.au/product/birds-eye-frozen-fish-fillets-with-herb-&-garlic-crumb-oven-bake-6-pack-425g-6621383",
    "img": "https://productimages.coles.com.au/productimages/6/6621383.jpg",
    "price": 12,
    "quantity": 0.425,
    "unitPrice": 28.24
  },
  {
    "name": "Frozen Fish Fillets With Lemon Crumb Oven Bake 6 pack",
    "url": "https://www.coles.com.au/product/birds-eye-frozen-fish-fillets-with-lemon-crumb-oven-bake-6-pack-425g-80804",
    "img": "https://productimages.coles.com.au/productimages/8/80804.jpg",
    "price": 12,
    "quantity": 0.425,
    "unitPrice": 28.24
  },
  {
    "name": "Frozen Fish Fillets With Original Lightly Battered Oven Bake 6 Pack",
    "url": "https://www.coles.com.au/product/birds-eye-frozen-fish-fillets-with-original-lightly-battered-oven-bake-6-pack-425g-84430",
    "img": "https://productimages.coles.com.au/productimages/8/84430.jpg",
    "price": 12,
    "quantity": 0.425,
    "unitPrice": 28.24
  },
  {
    "name": "Frozen Fish Fillets With Original  Crumb Oven Bake 6 pack",
    "url": "https://www.coles.com.au/product/birds-eye-frozen-fish-fillets-with-original--crumb-oven-bake-6-pack-425g-84452",
    "img": "https://productimages.coles.com.au/productimages/8/84452.jpg",
    "price": 12,
    "quantity": 0.425,
    "unitPrice": 28.24
  },
  {
    "name": "Frozen Fish Fillets With Lemon Pepper Crumb Oven Bake 6 pack",
    "url": "https://www.coles.com.au/product/birds-eye-frozen-fish-fillets-with-lemon-pepper-crumb-oven-bake-6-pack-425g-4896121",
    "img": "https://productimages.coles.com.au/productimages/4/4896121.jpg",
    "price": 12,
    "quantity": 0.425,
    "unitPrice": 28.24
  },
  {
    "name": "Frozen Fish Fillets With Herb & Garlic Crumb Oven Bake 6 pack",
    "url": "https://www.coles.com.au/product/birds-eye-frozen-fish-fillets-with-herb-&-garlic-crumb-oven-bake-6-pack-425g-6621383",
    "img": "https://productimages.coles.com.au/productimages/6/6621383.jpg",
    "price": 12,
    "quantity": 0.425,
    "unitPrice": 28.24
  },
  {
    "name": "Frozen Fish Fillets With Lemon Crumb Oven Bake 6 pack",
    "url": "https://www.coles.com.au/product/birds-eye-frozen-fish-fillets-with-lemon-crumb-oven-bake-6-pack-425g-80804",
    "img": "https://productimages.coles.com.au/productimages/8/80804.jpg",
    "price": 12,
    "quantity": 0.425,
    "unitPrice": 28.24
  },
  {
    "name": "Frozen Fish Fillets With Original Lightly Battered Oven Bake 6 Pack",
    "url": "https://www.coles.com.au/product/birds-eye-frozen-fish-fillets-with-original-lightly-battered-oven-bake-6-pack-425g-84430",
    "img": "https://productimages.coles.com.au/productimages/8/84430.jpg",
    "price": 12,
    "quantity": 0.425,
    "unitPrice": 28.24
  },
  {
    "name": "Frozen Fish Fillets With Original  Crumb Oven Bake 6 pack",
    "url": "https://www.coles.com.au/product/birds-eye-frozen-fish-fillets-with-original--crumb-oven-bake-6-pack-425g-84452",
    "img": "https://productimages.coles.com.au/productimages/8/84452.jpg",
    "price": 12,
    "quantity": 0.425,
    "unitPrice": 28.24
  },
  {
    "name": "John West Wild Caught Salmon Bowl Cherry Tomatoes Olives &risoni",
    "url": "https://www.woolworths.com.au/shop/productdetails/322963",
    "img": "https://cdn0.woolworths.media/content/wowproductimages/medium/322963.jpg",
    "price": 4.8,
    "quantity": 0.17,
    "unitPrice": 28.24
  },
  {
    "name": "John West Wild Caught Salmon Bowl Coconut Chilli Lime &thai Rice",
    "url": "https://www.woolworths.com.au/shop/productdetails/323507",
    "img": "https://cdn0.woolworths.media/content/wowproductimages/medium/323507.jpg",
    "price": 4.8,
    "quantity": 0.17,
    "unitPrice": 28.24
  },
  {
    "name": "John West Wild Caught Salmon Bowl Sweet Soy Vegetable Black Rice",
    "url": "https://www.woolworths.com.au/shop/productdetails/323532",
    "img": "https://cdn0.woolworths.media/content/wowproductimages/medium/323532.jpg",
    "price": 4.8,
    "quantity": 0.17,
    "unitPrice": 28.24
  },
  {
    "name": "John West Wild Caught Salmon Bowl Cherry Tomatoes Olives &risoni",
    "url": "https://www.woolworths.com.au/shop/productdetails/322963",
    "img": "https://cdn0.woolworths.media/content/wowproductimages/medium/322963.jpg",
    "price": 4.8,
    "quantity": 0.17,
    "unitPrice": 28.24
  },
  {
    "name": "John West Wild Caught Salmon Bowl Coconut Chilli Lime &thai Rice",
    "url": "https://www.woolworths.com.au/shop/productdetails/323507",
    "img": "https://cdn0.woolworths.media/content/wowproductimages/medium/323507.jpg",
    "price": 4.8,
    "quantity": 0.17,
    "unitPrice": 28.24
  },
  {
    "name": "John West Wild Caught Salmon Bowl Sweet Soy Vegetable Black Rice",
    "url": "https://www.woolworths.com.au/shop/productdetails/323532",
    "img": "https://cdn0.woolworths.media/content/wowproductimages/medium/323532.jpg",
    "price": 4.8,
    "quantity": 0.17,
    "unitPrice": 28.24
  },
  {
    "name": "Festive Bakewells 6 Pack",
    "url": "https://www.coles.com.au/product/mr-kipling-festive-bakewells-6-pack-230g-8558357",
    "img": "https://productimages.coles.com.au/productimages/8/8558357.jpg",
    "price": 6.5,
    "quantity": 0.23,
    "unitPrice": 28.3
  },
  {
    "name": "Chipotle In Adobo Sauce",
    "url": "https://www.coles.com.au/product/la-costena-chipotle-in-adobo-sauce-230g-2373530",
    "img": "https://productimages.coles.com.au/productimages/2/2373530.jpg",
    "price": 6.5,
    "quantity": 0.23,
    "unitPrice": 28.3
  },
  {
    "name": "Frozen BBQ Pork Buns",
    "url": "https://www.coles.com.au/product/hanabi-frozen-bbq-pork-buns-300g-2143199",
    "img": "https://productimages.coles.com.au/productimages/2/2143199.jpg",
    "price": 8.5,
    "quantity": 0.3,
    "unitPrice": 28.3
  },
  {
    "name": "Dim Sim Pork And Chive Dumplings",
    "url": "https://www.coles.com.au/product/hong-kong-dim-sim-pork-and-chive-dumplings-300g-4406663",
    "img": "https://productimages.coles.com.au/productimages/4/4406663.jpg",
    "price": 8.5,
    "quantity": 0.3,
    "unitPrice": 28.3
  },
  {
    "name": "Dim Sim Pork Prawn And Mushroom Siu Mai",
    "url": "https://www.coles.com.au/product/hong-kong-dim-sim-pork-prawn-and-mushroom-siu-mai-300g-4406674",
    "img": "https://productimages.coles.com.au/productimages/4/4406674.jpg",
    "price": 8.5,
    "quantity": 0.3,
    "unitPrice": 28.3
  },
  {
    "name": "Dim Sim BBQ Pork Buns",
    "url": "https://www.coles.com.au/product/hong-kong-dim-sim-bbq-pork-buns-300g-4406685",
    "img": "https://productimages.coles.com.au/productimages/4/4406685.jpg",
    "price": 8.5,
    "quantity": 0.3,
    "unitPrice": 28.3
  },
  {
    "name": "Frozen BBQ Pork Buns",
    "url": "https://www.coles.com.au/product/hanabi-frozen-bbq-pork-buns-300g-2143199",
    "img": "https://productimages.coles.com.au/productimages/2/2143199.jpg",
    "price": 8.5,
    "quantity": 0.3,
    "unitPrice": 28.3
  },
  {
    "name": "Dim Sim Pork And Chive Dumplings",
    "url": "https://www.coles.com.au/product/hong-kong-dim-sim-pork-and-chive-dumplings-300g-4406663",
    "img": "https://productimages.coles.com.au/productimages/4/4406663.jpg",
    "price": 8.5,
    "quantity": 0.3,
    "unitPrice": 28.3
  },
  {
    "name": "Dim Sim Pork Prawn And Mushroom Siu Mai",
    "url": "https://www.coles.com.au/product/hong-kong-dim-sim-pork-prawn-and-mushroom-siu-mai-300g-4406674",
    "img": "https://productimages.coles.com.au/productimages/4/4406674.jpg",
    "price": 8.5,
    "quantity": 0.3,
    "unitPrice": 28.3
  },
  {
    "name": "Dim Sim BBQ Pork Buns",
    "url": "https://www.coles.com.au/product/hong-kong-dim-sim-bbq-pork-buns-300g-4406685",
    "img": "https://productimages.coles.com.au/productimages/4/4406685.jpg",
    "price": 8.5,
    "quantity": 0.3,
    "unitPrice": 28.3
  },
  {
    "name": "Rana Gorgonzola Cheese Pdo & Walnut Ravioli",
    "url": "https://www.woolworths.com.au/shop/productdetails/380762",
    "img": "https://cdn0.woolworths.media/content/wowproductimages/medium/380762.jpg",
    "price": 8.5,
    "quantity": 0.3,
    "unitPrice": 28.3
  },
  {
    "name": "Rana Burrata Cheese & Arrabbiata Ravioli",
    "url": "https://www.woolworths.com.au/shop/productdetails/355169",
    "img": "https://cdn0.woolworths.media/content/wowproductimages/medium/355169.jpg",
    "price": 8.5,
    "quantity": 0.3,
    "unitPrice": 28.3
  },
  {
    "name": "Rana Pecorino Romano & Black Pepper Tortellini",
    "url": "https://www.woolworths.com.au/shop/productdetails/349217",
    "img": "https://cdn0.woolworths.media/content/wowproductimages/medium/349217.jpg",
    "price": 8.5,
    "quantity": 0.3,
    "unitPrice": 28.3
  },
  {
    "name": "Farmer Jo Gluten Free Keto Granola With Cinnamon Spice",
    "url": "https://www.woolworths.com.au/shop/productdetails/277271",
    "img": "https://cdn0.woolworths.media/content/wowproductimages/medium/277271.jpg",
    "price": 8.5,
    "quantity": 0.3,
    "unitPrice": 28.3
  },
  {
    "name": "Farmer Jo Gluten Free Paleo Granola Salted Maple Cashew",
    "url": "https://www.woolworths.com.au/shop/productdetails/147895",
    "img": "https://cdn0.woolworths.media/content/wowproductimages/medium/147895.jpg",
    "price": 8.5,
    "quantity": 0.3,
    "unitPrice": 28.3
  },
  {
    "name": "Farmer Jo Gluten Free Paleo Muesli",
    "url": "https://www.woolworths.com.au/shop/productdetails/85136",
    "img": "https://cdn0.woolworths.media/content/wowproductimages/medium/085136.jpg",
    "price": 8.5,
    "quantity": 0.3,
    "unitPrice": 28.3
  },
  {
    "name": "Dollar Sweet Cake Toppings Rainbow 1.5Kg",
    "url": "https://www.woolworths.com.au/shop/productdetails/1074252170",
    "img": "https://cdn0.woolworths.media/content/wowproductimages/medium/1074252170.jpg",
    "price": 42.44,
    "quantity": 1.5,
    "unitPrice": 28.3
  },
  {
    "name": "Lucky Almond Meal",
    "url": "https://www.woolworths.com.au/shop/productdetails/246677",
    "img": "https://cdn0.woolworths.media/content/wowproductimages/medium/246677.jpg",
    "price": 8.5,
    "quantity": 0.3,
    "unitPrice": 28.33
  },
  {
    "name": "Lucky Oven Roasted Almonds",
    "url": "https://www.woolworths.com.au/shop/productdetails/247445",
    "img": "https://cdn0.woolworths.media/content/wowproductimages/medium/247445.jpg",
    "price": 8.5,
    "quantity": 0.3,
    "unitPrice": 28.33
  },
  {
    "name": "Tempters Tuna & Tangy Jalapenos",
    "url": "https://www.coles.com.au/product/john-west-tempters-tuna-&-tangy-jalapenos-95g-2667972",
    "img": "https://productimages.coles.com.au/productimages/2/2667972.jpg",
    "price": 2.7,
    "quantity": 0.095,
    "unitPrice": 28.42
  },
  {
    "name": "Tempters Tuna Onion & Tomato Savoury Sauce",
    "url": "https://www.coles.com.au/product/john-west-tempters-tuna-onion-&-tomato-savoury-sauce-95g-384718",
    "img": "https://productimages.coles.com.au/productimages/3/384718.jpg",
    "price": 2.7,
    "quantity": 0.095,
    "unitPrice": 28.42
  },
  {
    "name": "Tuna Tempters Tomato Bruscetta",
    "url": "https://www.coles.com.au/product/john-west-tuna-tempters-tomato-bruscetta-95g-4408614",
    "img": "https://productimages.coles.com.au/productimages/4/4408614.jpg",
    "price": 2.7,
    "quantity": 0.095,
    "unitPrice": 28.42
  },
  {
    "name": "Tuna Tempters Fiery Chilli",
    "url": "https://www.coles.com.au/product/john-west-tuna-tempters-fiery-chilli-95g-4408625",
    "img": "https://productimages.coles.com.au/productimages/4/4408625.jpg",
    "price": 2.7,
    "quantity": 0.095,
    "unitPrice": 28.42
  },
  {
    "name": "Tuna Tempters Teriyaki",
    "url": "https://www.coles.com.au/product/john-west-tuna-tempters-teriyaki-95g-4408636",
    "img": "https://productimages.coles.com.au/productimages/4/4408636.jpg",
    "price": 2.7,
    "quantity": 0.095,
    "unitPrice": 28.42
  },
  {
    "name": "Tuna Tempters Thai Red Curry",
    "url": "https://www.coles.com.au/product/john-west-tuna-tempters-thai-red-curry-95g-4408647",
    "img": "https://productimages.coles.com.au/productimages/4/4408647.jpg",
    "price": 2.7,
    "quantity": 0.095,
    "unitPrice": 28.42
  },
  {
    "name": "Tempters Onion & Tomato Light Tuna",
    "url": "https://www.coles.com.au/product/john-west-tempters-onion-&-tomato-light-tuna-95g-4925004",
    "img": "https://productimages.coles.com.au/productimages/4/4925004.jpg",
    "price": 2.7,
    "quantity": 0.095,
    "unitPrice": 28.42
  },
  {
    "name": "Tempters Mango Chilli Tuna",
    "url": "https://www.coles.com.au/product/john-west-tempters-mango-chilli-tuna-95g-5263889",
    "img": "https://productimages.coles.com.au/productimages/5/5263889.jpg",
    "price": 2.7,
    "quantity": 0.095,
    "unitPrice": 28.42
  },
  {
    "name": "Tempters Tuna in Olive Oil",
    "url": "https://www.coles.com.au/product/john-west-tempters-tuna-in-olive-oil-95g-5558736",
    "img": "https://productimages.coles.com.au/productimages/5/5558736.jpg",
    "price": 2.7,
    "quantity": 0.095,
    "unitPrice": 28.42
  },
  {
    "name": "Tempters Lemon & Cracked Pepper Tuna",
    "url": "https://www.coles.com.au/product/john-west-tempters-lemon-&-cracked-pepper-tuna-95g-6041113",
    "img": "https://productimages.coles.com.au/productimages/6/6041113.jpg",
    "price": 2.7,
    "quantity": 0.095,
    "unitPrice": 28.42
  },
  {
    "name": "Tempters Oven Dried Tomato & Basil Tuna",
    "url": "https://www.coles.com.au/product/john-west-tempters-oven-dried-tomato-&-basil-tuna-95g-6041124",
    "img": "https://productimages.coles.com.au/productimages/6/6041124.jpg",
    "price": 2.7,
    "quantity": 0.095,
    "unitPrice": 28.42
  },
  {
    "name": "Tempters Chilli Tuna",
    "url": "https://www.coles.com.au/product/john-west-tempters-chilli-tuna-95g-6044009",
    "img": "https://productimages.coles.com.au/productimages/6/6044009.jpg",
    "price": 2.7,
    "quantity": 0.095,
    "unitPrice": 28.42
  },
  {
    "name": "Tempters Zesty Vinaigrette Tuna",
    "url": "https://www.coles.com.au/product/john-west-tempters-zesty-vinaigrette-tuna-95g-6044097",
    "img": "https://productimages.coles.com.au/productimages/6/6044097.jpg",
    "price": 2.7,
    "quantity": 0.095,
    "unitPrice": 28.42
  },
  {
    "name": "Tempters Tuna Sweet Corn & Mayonnaise",
    "url": "https://www.coles.com.au/product/john-west-tempters-tuna-sweet-corn-&-mayonnaise-95g-6658510",
    "img": "https://productimages.coles.com.au/productimages/6/6658510.jpg",
    "price": 2.7,
    "quantity": 0.095,
    "unitPrice": 28.42
  },
  {
    "name": "Tempters Tuna Chunks in Springwater",
    "url": "https://www.coles.com.au/product/john-west-tempters-tuna-chunks-in-springwater-95g-7532777",
    "img": "https://productimages.coles.com.au/productimages/7/7532777.jpg",
    "price": 2.7,
    "quantity": 0.095,
    "unitPrice": 28.42
  },
  {
    "name": "Tempters Sweet Chilli Tuna",
    "url": "https://www.coles.com.au/product/john-west-tempters-sweet-chilli-tuna-95g-8582395",
    "img": "https://productimages.coles.com.au/productimages/8/8582395.jpg",
    "price": 2.7,
    "quantity": 0.095,
    "unitPrice": 28.42
  },
  {
    "name": "Tempters Mild Indian Curry Tuna",
    "url": "https://www.coles.com.au/product/john-west-tempters-mild-indian-curry-tuna-95g-8740882",
    "img": "https://productimages.coles.com.au/productimages/8/8740882.jpg",
    "price": 2.7,
    "quantity": 0.095,
    "unitPrice": 28.42
  },
  {
    "name": "Tempters Natural Smoke Flavour Tuna",
    "url": "https://www.coles.com.au/product/john-west-tempters-natural-smoke-flavour-tuna-95g-9658663",
    "img": "https://productimages.coles.com.au/productimages/9/9658663.jpg",
    "price": 2.7,
    "quantity": 0.095,
    "unitPrice": 28.42
  },
  {
    "name": "Buderim Ginger Ginger Sliced Naked Ginger",
    "url": "https://www.woolworths.com.au/shop/productdetails/171865",
    "img": "https://cdn0.woolworths.media/content/wowproductimages/medium/171865.jpg",
    "price": 9.95,
    "quantity": 0.35,
    "unitPrice": 28.43
  },
  {
    "name": "Gluten Free Real Diced Bacon",
    "url": "https://www.coles.com.au/product/primo-gluten-free-real-diced-bacon-200g-2739199",
    "img": "https://productimages.coles.com.au/productimages/2/2739199.jpg",
    "price": 5.7,
    "quantity": 0.2,
    "unitPrice": 28.5
  },
  {
    "name": "Crafted Cuts Double Smoked Pansize Bacon",
    "url": "https://www.coles.com.au/product/don-crafted-cuts-double-smoked-pansize-bacon-200g-4258180",
    "img": "https://productimages.coles.com.au/productimages/4/4258180.jpg",
    "price": 5.7,
    "quantity": 0.2,
    "unitPrice": 28.5
  },
  {
    "name": "Gorgonzola Dolce",
    "url": "https://www.coles.com.au/product/coles-gorgonzola-dolce-200g-4351925",
    "img": "https://productimages.coles.com.au/productimages/4/4351925.jpg",
    "price": 5.7,
    "quantity": 0.2,
    "unitPrice": 28.5
  },
  {
    "name": "Crafted Cut Bacon Shortcut",
    "url": "https://www.coles.com.au/product/don-crafted-cut-bacon-shortcut-200g-5009250",
    "img": "https://productimages.coles.com.au/productimages/5/5009250.jpg",
    "price": 5.7,
    "quantity": 0.2,
    "unitPrice": 28.5
  },
  {
    "name": "Gluten Free Real Diced Bacon",
    "url": "https://www.coles.com.au/product/primo-gluten-free-real-diced-bacon-200g-2739199",
    "img": "https://productimages.coles.com.au/productimages/2/2739199.jpg",
    "price": 5.7,
    "quantity": 0.2,
    "unitPrice": 28.5
  },
  {
    "name": "Crafted Cuts Double Smoked Pansize Bacon",
    "url": "https://www.coles.com.au/product/don-crafted-cuts-double-smoked-pansize-bacon-200g-4258180",
    "img": "https://productimages.coles.com.au/productimages/4/4258180.jpg",
    "price": 5.7,
    "quantity": 0.2,
    "unitPrice": 28.5
  },
  {
    "name": "Gorgonzola Dolce",
    "url": "https://www.coles.com.au/product/coles-gorgonzola-dolce-200g-4351925",
    "img": "https://productimages.coles.com.au/productimages/4/4351925.jpg",
    "price": 5.7,
    "quantity": 0.2,
    "unitPrice": 28.5
  },
  {
    "name": "Crafted Cut Bacon Shortcut",
    "url": "https://www.coles.com.au/product/don-crafted-cut-bacon-shortcut-200g-5009250",
    "img": "https://productimages.coles.com.au/productimages/5/5009250.jpg",
    "price": 5.7,
    "quantity": 0.2,
    "unitPrice": 28.5
  },
  {
    "name": "Gluten Free Real Diced Bacon",
    "url": "https://www.coles.com.au/product/primo-gluten-free-real-diced-bacon-200g-2739199",
    "img": "https://productimages.coles.com.au/productimages/2/2739199.jpg",
    "price": 5.7,
    "quantity": 0.2,
    "unitPrice": 28.5
  },
  {
    "name": "Crafted Cuts Double Smoked Pansize Bacon",
    "url": "https://www.coles.com.au/product/don-crafted-cuts-double-smoked-pansize-bacon-200g-4258180",
    "img": "https://productimages.coles.com.au/productimages/4/4258180.jpg",
    "price": 5.7,
    "quantity": 0.2,
    "unitPrice": 28.5
  },
  {
    "name": "Crafted Cut Bacon Shortcut",
    "url": "https://www.coles.com.au/product/don-crafted-cut-bacon-shortcut-200g-5009250",
    "img": "https://productimages.coles.com.au/productimages/5/5009250.jpg",
    "price": 5.7,
    "quantity": 0.2,
    "unitPrice": 28.5
  },
  {
    "name": "Greek Style Coffee",
    "url": "https://www.coles.com.au/product/oasis-greek-style-coffee-200g-204328",
    "img": "https://productimages.coles.com.au/productimages/2/204328.jpg",
    "price": 5.7,
    "quantity": 0.2,
    "unitPrice": 28.5
  },
  {
    "name": "Hazelnut Meal",
    "url": "https://www.coles.com.au/product/coles-hazelnut-meal-350g-3834297",
    "img": "https://productimages.coles.com.au/productimages/3/3834297.jpg",
    "price": 10,
    "quantity": 0.35,
    "unitPrice": 28.57
  },
  {
    "name": "Hazelnut Meal",
    "url": "https://www.coles.com.au/product/coles-hazelnut-meal-350g-3834297",
    "img": "https://productimages.coles.com.au/productimages/3/3834297.jpg",
    "price": 10,
    "quantity": 0.35,
    "unitPrice": 28.57
  },
  {
    "name": "Pink Salmon ",
    "url": "https://www.coles.com.au/product/ally-pink-salmon--105g-124681",
    "img": "https://productimages.coles.com.au/productimages/1/124681.jpg",
    "price": 3,
    "quantity": 0.105,
    "unitPrice": 28.57
  },
  {
    "name": "Chilean Mussels Escabeche",
    "url": "https://www.coles.com.au/product/safcol-chilean-mussels-escabeche-105g-6650600",
    "img": "https://productimages.coles.com.au/productimages/6/6650600.jpg",
    "price": 3,
    "quantity": 0.105,
    "unitPrice": 28.57
  },
  {
    "name": "Salmon Red",
    "url": "https://www.coles.com.au/product/coles-salmon-red-210g-8674992",
    "img": "https://productimages.coles.com.au/productimages/8/8674992.jpg",
    "price": 6,
    "quantity": 0.21,
    "unitPrice": 28.57
  },
  {
    "name": "Woolworths Red Salmon",
    "url": "https://www.woolworths.com.au/shop/productdetails/220699",
    "img": "https://cdn0.woolworths.media/content/wowproductimages/medium/220699.jpg",
    "price": 6,
    "quantity": 0.21,
    "unitPrice": 28.57
  },
  {
    "name": "Safcol Tapas Chilean Mussels In Spanish Galician Style Sauce",
    "url": "https://www.woolworths.com.au/shop/productdetails/20933",
    "img": "https://cdn0.woolworths.media/content/wowproductimages/medium/020933.jpg",
    "price": 3,
    "quantity": 0.105,
    "unitPrice": 28.57
  },
  {
    "name": "Safcol Tapas Chilean Mussels In Spanish Escabeche Style Sauce",
    "url": "https://www.woolworths.com.au/shop/productdetails/20923",
    "img": "https://cdn0.woolworths.media/content/wowproductimages/medium/020923.jpg",
    "price": 3,
    "quantity": 0.105,
    "unitPrice": 28.57
  },
  {
    "name": "Safcol Tapas Chilean Mussels In Spanish Galician Style Sauce",
    "url": "https://www.woolworths.com.au/shop/productdetails/20933",
    "img": "https://cdn0.woolworths.media/content/wowproductimages/medium/020933.jpg",
    "price": 3,
    "quantity": 0.105,
    "unitPrice": 28.57
  },
  {
    "name": "Safcol Tapas Chilean Mussels In Spanish Escabeche Style Sauce",
    "url": "https://www.woolworths.com.au/shop/productdetails/20923",
    "img": "https://cdn0.woolworths.media/content/wowproductimages/medium/020923.jpg",
    "price": 3,
    "quantity": 0.105,
    "unitPrice": 28.57
  },
  {
    "name": "Buderim Ginger Naked Ginger Uncrystallised",
    "url": "https://www.woolworths.com.au/shop/productdetails/230684",
    "img": "https://cdn0.woolworths.media/content/wowproductimages/medium/230684.jpg",
    "price": 5,
    "quantity": 0.175,
    "unitPrice": 28.57
  },
  {
    "name": "Garlic & Herb Spreadable Blend",
    "url": "https://www.coles.com.au/product/mainland-garlic-&-herb-spreadable-blend-140g-6820379",
    "img": "https://productimages.coles.com.au/productimages/6/6820379.jpg",
    "price": 4,
    "quantity": 0.14,
    "unitPrice": 28.6
  },
  {
    "name": "Garlic & Herb Spreadable Blend",
    "url": "https://www.coles.com.au/product/mainland-garlic-&-herb-spreadable-blend-140g-6820379",
    "img": "https://productimages.coles.com.au/productimages/6/6820379.jpg",
    "price": 4,
    "quantity": 0.14,
    "unitPrice": 28.6
  },
  {
    "name": "Luxury Christmas Pudding Small",
    "url": "https://www.coles.com.au/product/coles-finest-luxury-christmas-pudding-small-140g-2458032",
    "img": "https://productimages.coles.com.au/productimages/2/2458032.jpg",
    "price": 4,
    "quantity": 0.14,
    "unitPrice": 28.6
  },
  {
    "name": "Festive Iced Stars",
    "url": "https://www.coles.com.au/product/coles-festive-iced-stars-175g-3526580",
    "img": "https://productimages.coles.com.au/productimages/3/3526580.jpg",
    "price": 5,
    "quantity": 0.175,
    "unitPrice": 28.6
  },
  {
    "name": "Naked Ginger",
    "url": "https://www.coles.com.au/product/buderim-ginger-naked-ginger-175g-5227273",
    "img": "https://productimages.coles.com.au/productimages/5/5227273.jpg",
    "price": 5,
    "quantity": 0.175,
    "unitPrice": 28.6
  },
  {
    "name": "Naked Ginger",
    "url": "https://www.coles.com.au/product/buderim-ginger-naked-ginger-175g-5227273",
    "img": "https://productimages.coles.com.au/productimages/5/5227273.jpg",
    "price": 5,
    "quantity": 0.175,
    "unitPrice": 28.6
  },
  {
    "name": "Mac & Cheese Bowl",
    "url": "https://www.coles.com.au/product/the-big-cheese-mac-&-cheese-bowl-105g-4448506",
    "img": "https://productimages.coles.com.au/productimages/4/4448506.jpg",
    "price": 3,
    "quantity": 0.105,
    "unitPrice": 28.6
  },
  {
    "name": "Beef Rice Bowl Sauce ",
    "url": "https://www.coles.com.au/product/daisho-donburi-japanese-beef-rice-bowl-sauce--175g-5047872",
    "img": "https://productimages.coles.com.au/productimages/5/5047872.jpg",
    "price": 5,
    "quantity": 0.175,
    "unitPrice": 28.6
  },
  {
    "name": "Pork On Rice Sauce",
    "url": "https://www.coles.com.au/product/daisho-donburi-japanese-pork-on-rice-sauce-175g-5050243",
    "img": "https://productimages.coles.com.au/productimages/5/5050243.jpg",
    "price": 5,
    "quantity": 0.175,
    "unitPrice": 28.6
  },
  {
    "name": "Pure Black Sesame Oil",
    "url": "https://www.coles.com.au/product/ayam-pure-black-sesame-oil-210ml-3753661",
    "img": "https://productimages.coles.com.au/productimages/3/3753661.jpg",
    "price": 6,
    "quantity": 0.21,
    "unitPrice": 28.6
  },
  {
    "name": "Mainland Garlic & Herbs Spread",
    "url": "https://www.woolworths.com.au/shop/productdetails/290261",
    "img": "https://cdn0.woolworths.media/content/wowproductimages/medium/290261.jpg",
    "price": 4,
    "quantity": 0.14,
    "unitPrice": 28.6
  },
  {
    "name": "Ayam Organic Soy",
    "url": "https://www.woolworths.com.au/shop/productdetails/20245",
    "img": "https://cdn0.woolworths.media/content/wowproductimages/medium/020245.jpg",
    "price": 6,
    "quantity": 0.21,
    "unitPrice": 28.6
  },
  {
    "name": "Goodmix Burger Mix - Veggie Pattie Premix 400g",
    "url": "https://www.woolworths.com.au/shop/productdetails/1073921567",
    "img": "https://cdn0.woolworths.media/content/wowproductimages/medium/1073921567.jpg",
    "price": 11.44,
    "quantity": 0.4,
    "unitPrice": 28.6
  },
  {
    "name": "Organic Medjool Dates",
    "url": "https://www.coles.com.au/product/coles-organic-medjool-dates-227g-2823342",
    "img": "https://productimages.coles.com.au/productimages/2/2823342.jpg",
    "price": 6.5,
    "quantity": 0.227,
    "unitPrice": 28.63
  },
  {
    "name": "Organic Medjool Dates",
    "url": "https://www.coles.com.au/product/coles-organic-medjool-dates-227g-2823342",
    "img": "https://productimages.coles.com.au/productimages/2/2823342.jpg",
    "price": 6.5,
    "quantity": 0.227,
    "unitPrice": 28.63
  },
  {
    "name": "Dollar Sweets 100's and 1000's Sprinkles 1150g",
    "url": "https://www.woolworths.com.au/shop/productdetails/1074032852",
    "img": "https://cdn0.woolworths.media/content/wowproductimages/medium/1074032852.jpg",
    "price": 32.99,
    "quantity": 1.15,
    "unitPrice": 28.7
  },
  {
    "name": "Bulgarian Sheep's Cheese",
    "url": "https://www.coles.com.au/product/kebia-bulgarian-sheep's-cheese-400g-3724696",
    "img": "https://productimages.coles.com.au/productimages/3/3724696.jpg",
    "price": 11.5,
    "quantity": 0.4,
    "unitPrice": 28.75
  },
  {
    "name": "French Brie Portions",
    "url": "https://www.coles.com.au/product/emborg-french-brie-portions-240g-7016315",
    "img": "https://productimages.coles.com.au/productimages/7/7016315.jpg",
    "price": 6.9,
    "quantity": 0.24,
    "unitPrice": 28.75
  },
  {
    "name": "Bulgarian Sheep's Cheese",
    "url": "https://www.coles.com.au/product/kebia-bulgarian-sheep's-cheese-400g-3724696",
    "img": "https://productimages.coles.com.au/productimages/3/3724696.jpg",
    "price": 11.5,
    "quantity": 0.4,
    "unitPrice": 28.75
  },
  {
    "name": "French Brie Portions",
    "url": "https://www.coles.com.au/product/emborg-french-brie-portions-240g-7016315",
    "img": "https://productimages.coles.com.au/productimages/7/7016315.jpg",
    "price": 6.9,
    "quantity": 0.24,
    "unitPrice": 28.75
  },
  {
    "name": "Greek Style Unsweetened Yoghurt",
    "url": "https://www.coles.com.au/product/easiyo-greek-style-unsweetened-yoghurt-170g-2745974",
    "img": "https://productimages.coles.com.au/productimages/2/2745974.jpg",
    "price": 4.9,
    "quantity": 0.17,
    "unitPrice": 28.8
  },
  {
    "name": "Greek Style Unsweetened Yoghurt",
    "url": "https://www.coles.com.au/product/easiyo-greek-style-unsweetened-yoghurt-170g-2745985",
    "img": "https://productimages.coles.com.au/productimages/2/2745985.jpg",
    "price": 4.9,
    "quantity": 0.17,
    "unitPrice": 28.8
  },
  {
    "name": "Greek Style Unsweetened Yoghurt",
    "url": "https://www.coles.com.au/product/easiyo-greek-style-unsweetened-yoghurt-170g-2745974",
    "img": "https://productimages.coles.com.au/productimages/2/2745974.jpg",
    "price": 4.9,
    "quantity": 0.17,
    "unitPrice": 28.8
  },
  {
    "name": "Greek Style Unsweetened Yoghurt",
    "url": "https://www.coles.com.au/product/easiyo-greek-style-unsweetened-yoghurt-170g-2745985",
    "img": "https://productimages.coles.com.au/productimages/2/2745985.jpg",
    "price": 4.9,
    "quantity": 0.17,
    "unitPrice": 28.8
  },
  {
    "name": "Mini Iced Cupcakes",
    "url": "https://www.coles.com.au/product/coles-mini-iced-cupcakes-240g-6341456",
    "img": "https://productimages.coles.com.au/productimages/6/6341456.jpg",
    "price": 6.9,
    "quantity": 0.24,
    "unitPrice": 28.8
  },
  {
    "name": "Fibre Rich Probiotic Honey & Almond",
    "url": "https://www.coles.com.au/product/carman's-fibre-rich-probiotic-honey-&-almond-240g-3741673",
    "img": "https://productimages.coles.com.au/productimages/3/3741673.jpg",
    "price": 6.9,
    "quantity": 0.24,
    "unitPrice": 28.8
  },
  {
    "name": "Porridge Oats Sachets Blueberry Crumble",
    "url": "https://www.coles.com.au/product/carman's-porridge-oats-sachets-blueberry-crumble-240g-6158653",
    "img": "https://productimages.coles.com.au/productimages/6/6158653.jpg",
    "price": 6.9,
    "quantity": 0.24,
    "unitPrice": 28.8
  },
  {
    "name": "Fibre Rich Probiotic Honey & Almond",
    "url": "https://www.coles.com.au/product/carman's-fibre-rich-probiotic-honey-&-almond-240g-3741673",
    "img": "https://productimages.coles.com.au/productimages/3/3741673.jpg",
    "price": 6.9,
    "quantity": 0.24,
    "unitPrice": 28.8
  },
  {
    "name": "Porridge Oats Sachets Blueberry Crumble",
    "url": "https://www.coles.com.au/product/carman's-porridge-oats-sachets-blueberry-crumble-240g-6158653",
    "img": "https://productimages.coles.com.au/productimages/6/6158653.jpg",
    "price": 6.9,
    "quantity": 0.24,
    "unitPrice": 28.8
  },
  {
    "name": "Turkish Style Pulverised Coffee ",
    "url": "https://www.coles.com.au/product/bushells-turkish-style-pulverised-coffee--250g-116457",
    "img": "https://productimages.coles.com.au/productimages/1/116457.jpg",
    "price": 7.2,
    "quantity": 0.25,
    "unitPrice": 28.8
  },
  {
    "name": "Sour Jelly Beans",
    "url": "https://www.coles.com.au/product/warhead-sour-jelly-beans-113g-5445365",
    "img": "https://productimages.coles.com.au/productimages/5/5445365.jpg",
    "price": 3.25,
    "quantity": 0.113,
    "unitPrice": 28.8
  },
  {
    "name": "Taco Shells 12 Pack",
    "url": "https://www.coles.com.au/product/old-el-paso-taco-shells-12-pack-156g-291468",
    "img": "https://productimages.coles.com.au/productimages/2/291468.jpg",
    "price": 4.5,
    "quantity": 0.156,
    "unitPrice": 28.8
  },
  {
    "name": "Perform Portuguese Style Chicken",
    "url": "https://www.coles.com.au/product/coles-perform-portuguese-style-chicken-330g-3916675",
    "img": "https://productimages.coles.com.au/productimages/3/3916675.jpg",
    "price": 9.5,
    "quantity": 0.33,
    "unitPrice": 28.8
  },
  {
    "name": "Perform Open Chicken Fajita",
    "url": "https://www.coles.com.au/product/coles-perform-open-chicken-fajita-330g-3916744",
    "img": "https://productimages.coles.com.au/productimages/3/3916744.jpg",
    "price": 9.5,
    "quantity": 0.33,
    "unitPrice": 28.8
  },
  {
    "name": "Perform Lemon Pepper Chicken",
    "url": "https://www.coles.com.au/product/coles-perform-lemon-pepper-chicken-330g-3916802",
    "img": "https://productimages.coles.com.au/productimages/3/3916802.jpg",
    "price": 9.5,
    "quantity": 0.33,
    "unitPrice": 28.8
  },
  {
    "name": "Perform Pulled Pork Burrito Bowl",
    "url": "https://www.coles.com.au/product/coles-perform-pulled-pork-burrito-bowl-330g-5556297",
    "img": "https://productimages.coles.com.au/productimages/5/5556297.jpg",
    "price": 9.5,
    "quantity": 0.33,
    "unitPrice": 28.8
  },
  {
    "name": "Perform Creamy Mac & Cheese",
    "url": "https://www.coles.com.au/product/coles-perform-creamy-mac-&-cheese-330g-5641400",
    "img": "https://productimages.coles.com.au/productimages/5/5641400.jpg",
    "price": 9.5,
    "quantity": 0.33,
    "unitPrice": 28.8
  },
  {
    "name": "Meatless Party Pies",
    "url": "https://www.coles.com.au/product/pie-society-meatless-party-pies-330g-6517097",
    "img": "https://productimages.coles.com.au/productimages/6/6517097.jpg",
    "price": 9.5,
    "quantity": 0.33,
    "unitPrice": 28.8
  },
  {
    "name": "Perform Lean Black Pepper Beef",
    "url": "https://www.coles.com.au/product/coles-perform-lean-black-pepper-beef-330g-6630395",
    "img": "https://productimages.coles.com.au/productimages/6/6630395.jpg",
    "price": 9.5,
    "quantity": 0.33,
    "unitPrice": 28.8
  },
  {
    "name": "Perform Balanced Pesto Chicken Pasta",
    "url": "https://www.coles.com.au/product/coles-perform-balanced-pesto-chicken-pasta-330g-6630613",
    "img": "https://productimages.coles.com.au/productimages/6/6630613.jpg",
    "price": 9.5,
    "quantity": 0.33,
    "unitPrice": 28.8
  },
  {
    "name": "Perform Portuguese Style Chicken",
    "url": "https://www.coles.com.au/product/coles-perform-portuguese-style-chicken-330g-3916675",
    "img": "https://productimages.coles.com.au/productimages/3/3916675.jpg",
    "price": 9.5,
    "quantity": 0.33,
    "unitPrice": 28.8
  },
  {
    "name": "Perform Open Chicken Fajita",
    "url": "https://www.coles.com.au/product/coles-perform-open-chicken-fajita-330g-3916744",
    "img": "https://productimages.coles.com.au/productimages/3/3916744.jpg",
    "price": 9.5,
    "quantity": 0.33,
    "unitPrice": 28.8
  },
  {
    "name": "Perform Lemon Pepper Chicken",
    "url": "https://www.coles.com.au/product/coles-perform-lemon-pepper-chicken-330g-3916802",
    "img": "https://productimages.coles.com.au/productimages/3/3916802.jpg",
    "price": 9.5,
    "quantity": 0.33,
    "unitPrice": 28.8
  },
  {
    "name": "Perform Pulled Pork Burrito Bowl",
    "url": "https://www.coles.com.au/product/coles-perform-pulled-pork-burrito-bowl-330g-5556297",
    "img": "https://productimages.coles.com.au/productimages/5/5556297.jpg",
    "price": 9.5,
    "quantity": 0.33,
    "unitPrice": 28.8
  },
  {
    "name": "Perform Creamy Mac & Cheese",
    "url": "https://www.coles.com.au/product/coles-perform-creamy-mac-&-cheese-330g-5641400",
    "img": "https://productimages.coles.com.au/productimages/5/5641400.jpg",
    "price": 9.5,
    "quantity": 0.33,
    "unitPrice": 28.8
  },
  {
    "name": "Meatless Party Pies",
    "url": "https://www.coles.com.au/product/pie-society-meatless-party-pies-330g-6517097",
    "img": "https://productimages.coles.com.au/productimages/6/6517097.jpg",
    "price": 9.5,
    "quantity": 0.33,
    "unitPrice": 28.8
  },
  {
    "name": "Perform Lean Black Pepper Beef",
    "url": "https://www.coles.com.au/product/coles-perform-lean-black-pepper-beef-330g-6630395",
    "img": "https://productimages.coles.com.au/productimages/6/6630395.jpg",
    "price": 9.5,
    "quantity": 0.33,
    "unitPrice": 28.8
  },
  {
    "name": "Perform Balanced Pesto Chicken Pasta",
    "url": "https://www.coles.com.au/product/coles-perform-balanced-pesto-chicken-pasta-330g-6630613",
    "img": "https://productimages.coles.com.au/productimages/6/6630613.jpg",
    "price": 9.5,
    "quantity": 0.33,
    "unitPrice": 28.8
  },
  {
    "name": "Woolworths Caramel Bar Slice",
    "url": "https://www.woolworths.com.au/shop/productdetails/61194",
    "img": "https://cdn0.woolworths.media/content/wowproductimages/medium/061194.jpg",
    "price": 7.5,
    "quantity": 0.26,
    "unitPrice": 28.8
  },
  {
    "name": "Easiyo Greek Style Unsweetened Yogurt Base",
    "url": "https://www.woolworths.com.au/shop/productdetails/118746",
    "img": "https://cdn0.woolworths.media/content/wowproductimages/medium/118746.jpg",
    "price": 4.9,
    "quantity": 0.17,
    "unitPrice": 28.8
  },
  {
    "name": "Angas Park Diced Prunes",
    "url": "https://www.woolworths.com.au/shop/productdetails/174349",
    "img": "https://cdn0.woolworths.media/content/wowproductimages/medium/174349.jpg",
    "price": 3.6,
    "quantity": 0.125,
    "unitPrice": 28.8
  },
  {
    "name": "Woolworths Diced Lamb",
    "url": "https://www.woolworths.com.au/shop/productdetails/72363",
    "img": "https://cdn0.woolworths.media/content/wowproductimages/medium/072363.jpg",
    "price": 13,
    "quantity": 0.45,
    "unitPrice": 28.89
  },
  {
    "name": "Christmas Cake Slices 6 pack",
    "url": "https://www.coles.com.au/product/mr-kipling-christmas-cake-slices-6-pack-225g-5310050",
    "img": "https://productimages.coles.com.au/productimages/5/5310050.jpg",
    "price": 6.5,
    "quantity": 0.225,
    "unitPrice": 28.9
  },
  {
    "name": "Mini Tart Shells",
    "url": "https://www.coles.com.au/product/coles-mini-tart-shells-190g-5436422",
    "img": "https://productimages.coles.com.au/productimages/5/5436422.jpg",
    "price": 5.5,
    "quantity": 0.19,
    "unitPrice": 28.9
  },
  {
    "name": "John West Tuna Spread",
    "url": "https://www.woolworths.com.au/shop/productdetails/36278",
    "img": "https://cdn0.woolworths.media/content/wowproductimages/medium/036278.jpg",
    "price": 2.75,
    "quantity": 0.095,
    "unitPrice": 28.9
  },
  {
    "name": "Cheese Spread",
    "url": "https://www.coles.com.au/product/the-laughing-cow-cheese-spread-128g-7646109",
    "img": "https://productimages.coles.com.au/productimages/7/7646109.jpg",
    "price": 3.7,
    "quantity": 0.128,
    "unitPrice": 28.91
  },
  {
    "name": "Light Less Fat Cheese Spread",
    "url": "https://www.coles.com.au/product/the-laughing-cow-light-less-fat-cheese-spread-128g-7646266",
    "img": "https://productimages.coles.com.au/productimages/7/7646266.jpg",
    "price": 3.7,
    "quantity": 0.128,
    "unitPrice": 28.91
  },
  {
    "name": "Cheese Spread",
    "url": "https://www.coles.com.au/product/the-laughing-cow-cheese-spread-128g-7646109",
    "img": "https://productimages.coles.com.au/productimages/7/7646109.jpg",
    "price": 3.7,
    "quantity": 0.128,
    "unitPrice": 28.91
  },
  {
    "name": "Light Less Fat Cheese Spread",
    "url": "https://www.coles.com.au/product/the-laughing-cow-light-less-fat-cheese-spread-128g-7646266",
    "img": "https://productimages.coles.com.au/productimages/7/7646266.jpg",
    "price": 3.7,
    "quantity": 0.128,
    "unitPrice": 28.91
  },
  {
    "name": "Safcol Wild Alaskan Red Salmon",
    "url": "https://www.woolworths.com.au/shop/productdetails/333413",
    "img": "https://cdn0.woolworths.media/content/wowproductimages/medium/333413.jpg",
    "price": 12,
    "quantity": 0.415,
    "unitPrice": 28.92
  },
  {
    "name": "Thawed Cooked Peeled Prawn Cutlets",
    "url": "https://www.coles.com.au/product/coles-deli-thawed-cooked-peeled-prawn-cutlets-approx.-250g-2210208",
    "img": "https://productimages.coles.com.au/productimages/2/2210208.jpg",
    "price": 7.25,
    "quantity": 0.25,
    "unitPrice": 29
  },
  {
    "name": "Thawed Cooked Peeled Prawn Cutlets",
    "url": "https://www.coles.com.au/product/coles-deli-thawed-cooked-peeled-prawn-cutlets-approx.-250g-2210208",
    "img": "https://productimages.coles.com.au/productimages/2/2210208.jpg",
    "price": 7.25,
    "quantity": 0.25,
    "unitPrice": 29
  },
  {
    "name": "Thawed Cooked Peeled Prawn Cutlets",
    "url": "https://www.coles.com.au/product/coles-deli-thawed-cooked-peeled-prawn-cutlets-1kg-2210591",
    "img": "https://productimages.coles.com.au/productimages/2/2210591.jpg",
    "price": 29,
    "quantity": 1,
    "unitPrice": 29
  },
  {
    "name": "Flakes Almond",
    "url": "https://www.coles.com.au/product/coles-flakes-almond-150g-2749421",
    "img": "https://productimages.coles.com.au/productimages/2/2749421.jpg",
    "price": 4.35,
    "quantity": 0.15,
    "unitPrice": 29
  },
  {
    "name": "Slivered Almond",
    "url": "https://www.coles.com.au/product/coles-slivered-almond-150g-2749432",
    "img": "https://productimages.coles.com.au/productimages/2/2749432.jpg",
    "price": 4.35,
    "quantity": 0.15,
    "unitPrice": 29
  },
  {
    "name": "Flakes Almond",
    "url": "https://www.coles.com.au/product/coles-flakes-almond-150g-2749421",
    "img": "https://productimages.coles.com.au/productimages/2/2749421.jpg",
    "price": 4.35,
    "quantity": 0.15,
    "unitPrice": 29
  },
  {
    "name": "Slivered Almond",
    "url": "https://www.coles.com.au/product/coles-slivered-almond-150g-2749432",
    "img": "https://productimages.coles.com.au/productimages/2/2749432.jpg",
    "price": 4.35,
    "quantity": 0.15,
    "unitPrice": 29
  },
  {
    "name": "Corned Beef Original Canned Meat",
    "url": "https://www.coles.com.au/product/hamper-corned-beef-original-canned-meat-200g-7230042",
    "img": "https://productimages.coles.com.au/productimages/7/7230042.jpg",
    "price": 5.8,
    "quantity": 0.2,
    "unitPrice": 29
  },
  {
    "name": "Fusian Instant Cup Noodles Japanese Teriyaki",
    "url": "https://www.coles.com.au/product/maggi-fusian-instant-cup-noodles-japanese-teriyaki-62g-3915457",
    "img": "https://productimages.coles.com.au/productimages/3/3915457.jpg",
    "price": 1.8,
    "quantity": 0.062,
    "unitPrice": 29
  },
  {
    "name": "Hungarian Sweet Paprika ",
    "url": "https://www.coles.com.au/product/hoyts-hungarian-sweet-paprika--100g-286956",
    "img": "https://productimages.coles.com.au/productimages/2/286956.jpg",
    "price": 2.85,
    "quantity": 0.1,
    "unitPrice": 29
  },
  {
    "name": "Himalayan Salt Grinder",
    "url": "https://www.coles.com.au/product/coles-himalayan-salt-grinder-103g-4448109",
    "img": "https://productimages.coles.com.au/productimages/4/4448109.jpg",
    "price": 2.95,
    "quantity": 0.103,
    "unitPrice": 29
  },
  {
    "name": "7 Bouillon Cubes Beef Style",
    "url": "https://www.coles.com.au/product/massel-7-bouillon-cubes-beef-style-35g-1814142",
    "img": "https://productimages.coles.com.au/productimages/1/1814142.jpg",
    "price": 1,
    "quantity": 0.035,
    "unitPrice": 29
  },
  {
    "name": "7 Bouillon Cubes Chicken Style",
    "url": "https://www.coles.com.au/product/massel-7-bouillon-cubes-chicken-style-35g-1814153",
    "img": "https://productimages.coles.com.au/productimages/1/1814153.jpg",
    "price": 1,
    "quantity": 0.035,
    "unitPrice": 29
  },
  {
    "name": "Raw Prawn",
    "url": "https://www.coles.com.au/product/kb's-raw-prawn-1kg-3984438",
    "img": "https://productimages.coles.com.au/productimages/3/3984438.jpg",
    "price": 29,
    "quantity": 1,
    "unitPrice": 29
  },
  {
    "name": "Frozen Ristorante Pepperoni Pizza",
    "url": "https://www.coles.com.au/product/dr.-oetker-frozen-ristorante-pepperoni-pizza-310g-8634943",
    "img": "https://productimages.coles.com.au/productimages/8/8634943.jpg",
    "price": 9,
    "quantity": 0.31,
    "unitPrice": 29
  },
  {
    "name": "Raw Prawn",
    "url": "https://www.coles.com.au/product/kb's-raw-prawn-1kg-3984438",
    "img": "https://productimages.coles.com.au/productimages/3/3984438.jpg",
    "price": 29,
    "quantity": 1,
    "unitPrice": 29
  },
  {
    "name": "Frozen Ristorante Pepperoni Pizza",
    "url": "https://www.coles.com.au/product/dr.-oetker-frozen-ristorante-pepperoni-pizza-310g-8634943",
    "img": "https://productimages.coles.com.au/productimages/8/8634943.jpg",
    "price": 9,
    "quantity": 0.31,
    "unitPrice": 29
  },
  {
    "name": "Thawed Cooked Peeled Prawn Cutlets",
    "url": "https://www.coles.com.au/product/coles-deli-thawed-cooked-peeled-prawn-cutlets-approx.-250g-2210208",
    "img": "https://productimages.coles.com.au/productimages/2/2210208.jpg",
    "price": 7.25,
    "quantity": 0.25,
    "unitPrice": 29
  },
  {
    "name": "Thawed Cooked Peeled Prawn Cutlets",
    "url": "https://www.coles.com.au/product/coles-deli-thawed-cooked-peeled-prawn-cutlets-approx.-250g-2210208",
    "img": "https://productimages.coles.com.au/productimages/2/2210208.jpg",
    "price": 7.25,
    "quantity": 0.25,
    "unitPrice": 29
  },
  {
    "name": "Brunswick Original Kipper",
    "url": "https://www.woolworths.com.au/shop/productdetails/35976",
    "img": "https://cdn0.woolworths.media/content/wowproductimages/medium/035976.jpg",
    "price": 2.9,
    "quantity": 0.1,
    "unitPrice": 29
  },
  {
    "name": "Coco Earth Premium Liquid Coconut Oil",
    "url": "https://www.woolworths.com.au/shop/productdetails/937713",
    "img": "https://cdn0.woolworths.media/content/wowproductimages/medium/937713.jpg",
    "price": 14.5,
    "quantity": 0.5,
    "unitPrice": 29
  },
  {
    "name": "Thawed Marinated Garlic Prawn",
    "url": "https://www.woolworths.com.au/shop/productdetails/91597",
    "img": "https://cdn0.woolworths.media/content/wowproductimages/medium/091597.jpg",
    "price": 29,
    "quantity": 1,
    "unitPrice": 29
  },
  {
    "name": "Raw Prawns Tiger Extra Large",
    "url": "https://www.woolworths.com.au/shop/productdetails/786199",
    "img": "https://cdn0.woolworths.media/content/wowproductimages/medium/786199.jpg",
    "price": 29,
    "quantity": 1,
    "unitPrice": 29
  },
  {
    "name": "Tibaldi Ham Off The Bone",
    "url": "https://www.woolworths.com.au/shop/productdetails/294972",
    "img": "https://cdn0.woolworths.media/content/wowproductimages/medium/294972.jpg",
    "price": 14.5,
    "quantity": 0.5,
    "unitPrice": 29
  },
  {
    "name": "Primo Speck Portion",
    "url": "https://www.woolworths.com.au/shop/productdetails/328044",
    "img": "https://cdn0.woolworths.media/content/wowproductimages/medium/328044.jpg",
    "price": 11.02,
    "quantity": 0.38,
    "unitPrice": 29
  },
  {
    "name": "Woolworths Pink Himalayan Salt Grinder",
    "url": "https://www.woolworths.com.au/shop/productdetails/887994",
    "img": "https://cdn0.woolworths.media/content/wowproductimages/medium/887994.jpg",
    "price": 3.15,
    "quantity": 0.11,
    "unitPrice": 29
  },
  {
    "name": "Hoyts Paprika Sweet",
    "url": "https://www.woolworths.com.au/shop/productdetails/94613",
    "img": "https://cdn0.woolworths.media/content/wowproductimages/medium/094613.jpg",
    "price": 2.85,
    "quantity": 0.1,
    "unitPrice": 29
  },
  {
    "name": "Layer Sardines in Tomato Sauce",
    "url": "https://www.coles.com.au/product/king-oscar-layer-sardines-in-tomato-sauce-105g-124885",
    "img": "https://productimages.coles.com.au/productimages/1/124885.jpg",
    "price": 3.05,
    "quantity": 0.105,
    "unitPrice": 29.05
  },
  {
    "name": "Festive Matured Christmas Pudding Small",
    "url": "https://www.coles.com.au/product/coles-festive-matured-christmas-pudding-small-110g-2756020",
    "img": "https://productimages.coles.com.au/productimages/2/2756020.jpg",
    "price": 3.2,
    "quantity": 0.11,
    "unitPrice": 29.1
  },
  {
    "name": "Express Green Olives & Danish Fetta",
    "url": "https://www.coles.com.au/product/coles-deli-express-green-olives-&-danish-fetta-120g-3209714",
    "img": "https://productimages.coles.com.au/productimages/3/3209714.jpg",
    "price": 3.5,
    "quantity": 0.12,
    "unitPrice": 29.17
  },
  {
    "name": "Baby Bell Peppers Cream Cheese",
    "url": "https://www.coles.com.au/product/coles-baby-bell-peppers-cream-cheese-120g-6481579",
    "img": "https://productimages.coles.com.au/productimages/6/6481579.jpg",
    "price": 3.5,
    "quantity": 0.12,
    "unitPrice": 29.17
  },
  {
    "name": "Antipasto Mix",
    "url": "https://www.coles.com.au/product/coles-antipasto-mix-120g-6483596",
    "img": "https://productimages.coles.com.au/productimages/6/6483596.jpg",
    "price": 3.5,
    "quantity": 0.12,
    "unitPrice": 29.17
  },
  {
    "name": "Mackerel Fillets In Olive Oil Skinless and Boneless",
    "url": "https://www.coles.com.au/product/sole-mare-mackerel-fillets-in-olive-oil-skinless-and-boneless-120g-2509825",
    "img": "https://productimages.coles.com.au/productimages/2/2509825.jpg",
    "price": 3.5,
    "quantity": 0.12,
    "unitPrice": 29.17
  },
  {
    "name": "Lemon & Pepper Squid",
    "url": "https://www.coles.com.au/product/kb-lemon-&-pepper-squid-360g-3615613",
    "img": "https://productimages.coles.com.au/productimages/3/3615613.jpg",
    "price": 10.5,
    "quantity": 0.36,
    "unitPrice": 29.17
  },
  {
    "name": "Salt & Pepper Squid",
    "url": "https://www.coles.com.au/product/kb-salt-&-pepper-squid-360g-3615635",
    "img": "https://productimages.coles.com.au/productimages/3/3615635.jpg",
    "price": 10.5,
    "quantity": 0.36,
    "unitPrice": 29.17
  },
  {
    "name": "Panko Crumb Squid",
    "url": "https://www.coles.com.au/product/kb-panko-crumb-squid-360g-3615646",
    "img": "https://productimages.coles.com.au/productimages/3/3615646.jpg",
    "price": 10.5,
    "quantity": 0.36,
    "unitPrice": 29.17
  },
  {
    "name": "Chili & Lime Squid Rings",
    "url": "https://www.coles.com.au/product/kb's-chili-&-lime-squid-rings-360g-5489473",
    "img": "https://productimages.coles.com.au/productimages/5/5489473.jpg",
    "price": 10.5,
    "quantity": 0.36,
    "unitPrice": 29.17
  },
  {
    "name": "Lemon & Pepper Squid",
    "url": "https://www.coles.com.au/product/kb-lemon-&-pepper-squid-360g-3615613",
    "img": "https://productimages.coles.com.au/productimages/3/3615613.jpg",
    "price": 10.5,
    "quantity": 0.36,
    "unitPrice": 29.17
  },
  {
    "name": "Salt & Pepper Squid",
    "url": "https://www.coles.com.au/product/kb-salt-&-pepper-squid-360g-3615635",
    "img": "https://productimages.coles.com.au/productimages/3/3615635.jpg",
    "price": 10.5,
    "quantity": 0.36,
    "unitPrice": 29.17
  },
  {
    "name": "Panko Crumb Squid",
    "url": "https://www.coles.com.au/product/kb-panko-crumb-squid-360g-3615646",
    "img": "https://productimages.coles.com.au/productimages/3/3615646.jpg",
    "price": 10.5,
    "quantity": 0.36,
    "unitPrice": 29.17
  },
  {
    "name": "Chili & Lime Squid Rings",
    "url": "https://www.coles.com.au/product/kb's-chili-&-lime-squid-rings-360g-5489473",
    "img": "https://productimages.coles.com.au/productimages/5/5489473.jpg",
    "price": 10.5,
    "quantity": 0.36,
    "unitPrice": 29.17
  },
  {
    "name": "Woolworths Almonds Slivered",
    "url": "https://www.woolworths.com.au/shop/productdetails/726350",
    "img": "https://cdn0.woolworths.media/content/wowproductimages/medium/726350.jpg",
    "price": 3.5,
    "quantity": 0.12,
    "unitPrice": 29.17
  },
  {
    "name": "Woolworths Almonds Flaked",
    "url": "https://www.woolworths.com.au/shop/productdetails/726280",
    "img": "https://cdn0.woolworths.media/content/wowproductimages/medium/726280.jpg",
    "price": 3.5,
    "quantity": 0.12,
    "unitPrice": 29.17
  },
  {
    "name": "Gluten Free Crumpet",
    "url": "https://www.coles.com.au/product/liberate-gluten-free-crumpet-240g-3751724",
    "img": "https://productimages.coles.com.au/productimages/3/3751724.jpg",
    "price": 7,
    "quantity": 0.24,
    "unitPrice": 29.2
  },
  {
    "name": "95% Sugar Free Banana Bread Slices",
    "url": "https://www.coles.com.au/product/noshu-95%-sugar-free-banana-bread-slices-240g-5111440",
    "img": "https://productimages.coles.com.au/productimages/5/5111440.jpg",
    "price": 7,
    "quantity": 0.24,
    "unitPrice": 29.2
  },
  {
    "name": "Aloo Tiki",
    "url": "https://www.coles.com.au/product/sabrini-aloo-tiki-240g-3775121",
    "img": "https://productimages.coles.com.au/productimages/3/3775121.jpg",
    "price": 7,
    "quantity": 0.24,
    "unitPrice": 29.2
  },
  {
    "name": "Ice Cream Mini Dulce De Leche 6Pack",
    "url": "https://www.coles.com.au/product/magnum-ice-cream-mini-dulce-de-leche-6pack-360ml-3123459",
    "img": "https://productimages.coles.com.au/productimages/3/3123459.jpg",
    "price": 10.5,
    "quantity": 0.36,
    "unitPrice": 29.2
  },
  {
    "name": "Ice Cream Tahiti Passionfruit White Choc 4 Pack",
    "url": "https://www.coles.com.au/product/magnum-ice-cream-tahiti-passionfruit-white-choc-4-pack-360ml-4464138",
    "img": "https://productimages.coles.com.au/productimages/4/4464138.jpg",
    "price": 10.5,
    "quantity": 0.36,
    "unitPrice": 29.2
  },
  {
    "name": "Chocolate Classic Remix Ice Cream 4 Pack",
    "url": "https://www.coles.com.au/product/magnum-chocolate-classic-remix-ice-cream-4-pack-360ml-5483025",
    "img": "https://productimages.coles.com.au/productimages/5/5483025.jpg",
    "price": 10.5,
    "quantity": 0.36,
    "unitPrice": 29.2
  },
  {
    "name": "Gold Almond Remix Ice Cream 4 Pack",
    "url": "https://www.coles.com.au/product/magnum-gold-almond-remix-ice-cream-4-pack-360ml-5483047",
    "img": "https://productimages.coles.com.au/productimages/5/5483047.jpg",
    "price": 10.5,
    "quantity": 0.36,
    "unitPrice": 29.2
  },
  {
    "name": "Berry & White Chocolate Remix Ice Cream 4 Pack",
    "url": "https://www.coles.com.au/product/magnum-berry-&-white-chocolate-remix-ice-cream-4-pack-360ml-5483058",
    "img": "https://productimages.coles.com.au/productimages/5/5483058.jpg",
    "price": 10.5,
    "quantity": 0.36,
    "unitPrice": 29.2
  },
  {
    "name": "Ice Cream Mini Classic 6Pack",
    "url": "https://www.coles.com.au/product/magnum-ice-cream-mini-classic-6pack-360ml-9091344",
    "img": "https://productimages.coles.com.au/productimages/9/9091344.jpg",
    "price": 10.5,
    "quantity": 0.36,
    "unitPrice": 29.2
  },
  {
    "name": "Ice Cream Mini Almond 6Pack",
    "url": "https://www.coles.com.au/product/magnum-ice-cream-mini-almond-6pack-360ml-9091672",
    "img": "https://productimages.coles.com.au/productimages/9/9091672.jpg",
    "price": 10.5,
    "quantity": 0.36,
    "unitPrice": 29.2
  },
  {
    "name": "Aloo Tiki",
    "url": "https://www.coles.com.au/product/sabrini-aloo-tiki-240g-3775121",
    "img": "https://productimages.coles.com.au/productimages/3/3775121.jpg",
    "price": 7,
    "quantity": 0.24,
    "unitPrice": 29.2
  },
  {
    "name": "Ice Cream Mini Dulce De Leche 6Pack",
    "url": "https://www.coles.com.au/product/magnum-ice-cream-mini-dulce-de-leche-6pack-360ml-3123459",
    "img": "https://productimages.coles.com.au/productimages/3/3123459.jpg",
    "price": 10.5,
    "quantity": 0.36,
    "unitPrice": 29.2
  },
  {
    "name": "Ice Cream Tahiti Passionfruit White Choc 4 Pack",
    "url": "https://www.coles.com.au/product/magnum-ice-cream-tahiti-passionfruit-white-choc-4-pack-360ml-4464138",
    "img": "https://productimages.coles.com.au/productimages/4/4464138.jpg",
    "price": 10.5,
    "quantity": 0.36,
    "unitPrice": 29.2
  },
  {
    "name": "Chocolate Classic Remix Ice Cream 4 Pack",
    "url": "https://www.coles.com.au/product/magnum-chocolate-classic-remix-ice-cream-4-pack-360ml-5483025",
    "img": "https://productimages.coles.com.au/productimages/5/5483025.jpg",
    "price": 10.5,
    "quantity": 0.36,
    "unitPrice": 29.2
  },
  {
    "name": "Gold Almond Remix Ice Cream 4 Pack",
    "url": "https://www.coles.com.au/product/magnum-gold-almond-remix-ice-cream-4-pack-360ml-5483047",
    "img": "https://productimages.coles.com.au/productimages/5/5483047.jpg",
    "price": 10.5,
    "quantity": 0.36,
    "unitPrice": 29.2
  },
  {
    "name": "Berry & White Chocolate Remix Ice Cream 4 Pack",
    "url": "https://www.coles.com.au/product/magnum-berry-&-white-chocolate-remix-ice-cream-4-pack-360ml-5483058",
    "img": "https://productimages.coles.com.au/productimages/5/5483058.jpg",
    "price": 10.5,
    "quantity": 0.36,
    "unitPrice": 29.2
  },
  {
    "name": "Ice Cream Mini Classic 6Pack",
    "url": "https://www.coles.com.au/product/magnum-ice-cream-mini-classic-6pack-360ml-9091344",
    "img": "https://productimages.coles.com.au/productimages/9/9091344.jpg",
    "price": 10.5,
    "quantity": 0.36,
    "unitPrice": 29.2
  },
  {
    "name": "Ice Cream Mini Almond 6Pack",
    "url": "https://www.coles.com.au/product/magnum-ice-cream-mini-almond-6pack-360ml-9091672",
    "img": "https://productimages.coles.com.au/productimages/9/9091672.jpg",
    "price": 10.5,
    "quantity": 0.36,
    "unitPrice": 29.2
  },
  {
    "name": "Noshu Sugar Free Banana Bread",
    "url": "https://www.woolworths.com.au/shop/productdetails/242149",
    "img": "https://cdn0.woolworths.media/content/wowproductimages/medium/242149.jpg",
    "price": 7,
    "quantity": 0.24,
    "unitPrice": 29.2
  },
  {
    "name": "Turkish Delight With Rose & Almond",
    "url": "https://www.coles.com.au/product/olympian-turkish-delight-with-rose-&-almond-300g-3083332",
    "img": "https://productimages.coles.com.au/productimages/3/3083332.jpg",
    "price": 8.8,
    "quantity": 0.3,
    "unitPrice": 29.3
  },
  {
    "name": "Turkish Delight With Rose & Almond",
    "url": "https://www.coles.com.au/product/olympian-turkish-delight-with-rose-&-almond-300g-3083332",
    "img": "https://productimages.coles.com.au/productimages/3/3083332.jpg",
    "price": 8.8,
    "quantity": 0.3,
    "unitPrice": 29.3
  },
  {
    "name": "Plenty Cold Pressed Flaxseed Oil",
    "url": "https://www.woolworths.com.au/shop/productdetails/137539",
    "img": "https://cdn0.woolworths.media/content/wowproductimages/medium/137539.jpg",
    "price": 11,
    "quantity": 0.375,
    "unitPrice": 29.3
  },
  {
    "name": "Festive Chocolate Dipped Biscuits",
    "url": "https://www.coles.com.au/product/coles-festive-chocolate-dipped-biscuits-170g-4329879",
    "img": "https://productimages.coles.com.au/productimages/4/4329879.jpg",
    "price": 5,
    "quantity": 0.17,
    "unitPrice": 29.4
  },
  {
    "name": "Dinner Winner Pasta Beef",
    "url": "https://www.woolworths.com.au/shop/productdetails/606763",
    "img": "https://cdn0.woolworths.media/content/wowproductimages/medium/606763.jpg",
    "price": 4.5,
    "quantity": 0.153,
    "unitPrice": 29.4
  },
  {
    "name": "Capilano 100% Pure Australian Honey Active Manuka Mgo30+ Squeeze",
    "url": "https://www.woolworths.com.au/shop/productdetails/579712",
    "img": "https://cdn0.woolworths.media/content/wowproductimages/medium/579712.jpg",
    "price": 10,
    "quantity": 0.34,
    "unitPrice": 29.4
  },
  {
    "name": "Burgers Smokey Cauliflower",
    "url": "https://www.coles.com.au/product/wildly-good-burgers-smokey-cauliflower-220g-6766808",
    "img": "https://productimages.coles.com.au/productimages/6/6766808.jpg",
    "price": 6.5,
    "quantity": 0.22,
    "unitPrice": 29.5
  },
  {
    "name": "Burgers Beetroot Black Bean",
    "url": "https://www.coles.com.au/product/wildly-good--burgers-beetroot-black-bean-220g-6767243",
    "img": "https://productimages.coles.com.au/productimages/6/6767243.jpg",
    "price": 6.5,
    "quantity": 0.22,
    "unitPrice": 29.5
  },
  {
    "name": "Burgers Smokey Cauliflower",
    "url": "https://www.coles.com.au/product/wildly-good-burgers-smokey-cauliflower-220g-6766808",
    "img": "https://productimages.coles.com.au/productimages/6/6766808.jpg",
    "price": 6.5,
    "quantity": 0.22,
    "unitPrice": 29.5
  },
  {
    "name": "Burgers Beetroot Black Bean",
    "url": "https://www.coles.com.au/product/wildly-good--burgers-beetroot-black-bean-220g-6767243",
    "img": "https://productimages.coles.com.au/productimages/6/6767243.jpg",
    "price": 6.5,
    "quantity": 0.22,
    "unitPrice": 29.5
  },
  {
    "name": "Burgers Original Veggie",
    "url": "https://www.coles.com.au/product/wildly-good-burgers-original-veggie-220g-6767254",
    "img": "https://productimages.coles.com.au/productimages/6/6767254.jpg",
    "price": 6.5,
    "quantity": 0.22,
    "unitPrice": 29.5
  },
  {
    "name": "Pumpkin And Caramleised Onion",
    "url": "https://www.coles.com.au/product/wildly-good-pumpkin-and-caramleised-onion-220g-6767265",
    "img": "https://productimages.coles.com.au/productimages/6/6767265.jpg",
    "price": 6.5,
    "quantity": 0.22,
    "unitPrice": 29.5
  },
  {
    "name": "Luxury Jewelled Fruit Cake Small",
    "url": "https://www.coles.com.au/product/coles-finest-luxury-jewelled-fruit-cake-small-220g-5544695",
    "img": "https://productimages.coles.com.au/productimages/5/5544695.jpg",
    "price": 6.5,
    "quantity": 0.22,
    "unitPrice": 29.5
  },
  {
    "name": "Artisan Cheese Fior Di Latte",
    "url": "https://www.coles.com.au/product/giorgio's-artisan-cheese-fior-di-latte-approx.-100g-3905205",
    "img": "https://productimages.coles.com.au/productimages/3/3905205.jpg",
    "price": 2.95,
    "quantity": 0.1,
    "unitPrice": 29.5
  },
  {
    "name": "Natural Hickory Smoked Leg Ham",
    "url": "https://www.coles.com.au/product/bertocchi-natural-hickory-smoked-leg-ham-approx.-100g-7103680",
    "img": "https://productimages.coles.com.au/productimages/7/7103680.jpg",
    "price": 2.95,
    "quantity": 0.1,
    "unitPrice": 29.5
  },
  {
    "name": "Slow Cooked Beef Pies 2 Pack",
    "url": "https://www.coles.com.au/product/charlotte's-bakery-slow-cooked-beef-pies-2-pack-400g-5139686",
    "img": "https://productimages.coles.com.au/productimages/5/5139686.jpg",
    "price": 11.8,
    "quantity": 0.4,
    "unitPrice": 29.5
  },
  {
    "name": "Slow Cooked Steak & Pepper Pies 2 pack",
    "url": "https://www.coles.com.au/product/charlotte's-bakery-slow-cooked-steak-&-pepper-pies-2-pack-400g-5139890",
    "img": "https://productimages.coles.com.au/productimages/5/5139890.jpg",
    "price": 11.8,
    "quantity": 0.4,
    "unitPrice": 29.5
  },
  {
    "name": "Slow Cooked Steak & Mushroom Pies 2 Pack",
    "url": "https://www.coles.com.au/product/charlotte's-bakery-slow-cooked-steak-&-mushroom-pies-2-pack-400g-5140550",
    "img": "https://productimages.coles.com.au/productimages/5/5140550.jpg",
    "price": 11.8,
    "quantity": 0.4,
    "unitPrice": 29.5
  },
  {
    "name": "Slow Cooked Beef & Ale Potato Top Pies 2 Pack",
    "url": "https://www.coles.com.au/product/charlotte's-bakery-slow-cooked-beef-&-ale-potato-top-pies-2-pack-400g-5141779",
    "img": "https://productimages.coles.com.au/productimages/5/5141779.jpg",
    "price": 11.8,
    "quantity": 0.4,
    "unitPrice": 29.5
  },
  {
    "name": "Chunky Chicken & Leek Pie 2 Pack",
    "url": "https://www.coles.com.au/product/charlotte's-bakery-chunky-chicken-&-leek-pie-2-pack-400g-5141950",
    "img": "https://productimages.coles.com.au/productimages/5/5141950.jpg",
    "price": 11.8,
    "quantity": 0.4,
    "unitPrice": 29.5
  },
  {
    "name": "Slow Cooked Beef Shiraz & Onion Pies 2 Pack",
    "url": "https://www.coles.com.au/product/charlotte's-bakery-slow-cooked-beef-shiraz-&-onion-pies-2-pack-400g-5142046",
    "img": "https://productimages.coles.com.au/productimages/5/5142046.jpg",
    "price": 11.8,
    "quantity": 0.4,
    "unitPrice": 29.5
  },
  {
    "name": "Belgian Chocolate Ice Cream Tub",
    "url": "https://www.coles.com.au/product/haagen-dazs-belgian-chocolate-ice-cream-tub-457ml-2752674",
    "img": "https://productimages.coles.com.au/productimages/2/2752674.jpg",
    "price": 13.5,
    "quantity": 0.457,
    "unitPrice": 29.5
  },
  {
    "name": "Vanilla Ice Cream Tubs",
    "url": "https://www.coles.com.au/product/haagen-dazs-vanilla-ice-cream-tubs-457ml-2752685",
    "img": "https://productimages.coles.com.au/productimages/2/2752685.jpg",
    "price": 13.5,
    "quantity": 0.457,
    "unitPrice": 29.5
  },
  {
    "name": "Salted Caramel Ice Cream Tubs",
    "url": "https://www.coles.com.au/product/haagen-dazs-salted-caramel-ice-cream-tubs-457ml-2752700",
    "img": "https://productimages.coles.com.au/productimages/2/2752700.jpg",
    "price": 13.5,
    "quantity": 0.457,
    "unitPrice": 29.5
  },
  {
    "name": "Strawberries And Cream Ice Cream",
    "url": "https://www.coles.com.au/product/haagen-dazs-strawberries-and-cream-ice-cream-457ml-2983837",
    "img": "https://productimages.coles.com.au/productimages/2/2983837.jpg",
    "price": 13.5,
    "quantity": 0.457,
    "unitPrice": 29.5
  },
  {
    "name": "Cookies & Cream Ice Cream Tub",
    "url": "https://www.coles.com.au/product/haagen-dazs-cookies-&-cream-ice-cream-tub-457ml-2983848",
    "img": "https://productimages.coles.com.au/productimages/2/2983848.jpg",
    "price": 13.5,
    "quantity": 0.457,
    "unitPrice": 29.5
  },
  {
    "name": "Mango & Raspberry Ice Cream Tub",
    "url": "https://www.coles.com.au/product/haagen-dazs-mango-&-raspberry-ice-cream-tub-457ml-3125080",
    "img": "https://productimages.coles.com.au/productimages/3/3125080.jpg",
    "price": 13.5,
    "quantity": 0.457,
    "unitPrice": 29.5
  },
  {
    "name": "Caramel Biscuit & Cream Ice Cream Tub",
    "url": "https://www.coles.com.au/product/haagen-dazs-caramel-biscuit-&-cream-ice-cream-tub-457ml-5019458",
    "img": "https://productimages.coles.com.au/productimages/5/5019458.jpg",
    "price": 13.5,
    "quantity": 0.457,
    "unitPrice": 29.5
  },
  {
    "name": "Slow Cooked Beef Pies 2 Pack",
    "url": "https://www.coles.com.au/product/charlotte's-bakery-slow-cooked-beef-pies-2-pack-400g-5139686",
    "img": "https://productimages.coles.com.au/productimages/5/5139686.jpg",
    "price": 11.8,
    "quantity": 0.4,
    "unitPrice": 29.5
  },
  {
    "name": "Slow Cooked Steak & Pepper Pies 2 pack",
    "url": "https://www.coles.com.au/product/charlotte's-bakery-slow-cooked-steak-&-pepper-pies-2-pack-400g-5139890",
    "img": "https://productimages.coles.com.au/productimages/5/5139890.jpg",
    "price": 11.8,
    "quantity": 0.4,
    "unitPrice": 29.5
  },
  {
    "name": "Slow Cooked Steak & Mushroom Pies 2 Pack",
    "url": "https://www.coles.com.au/product/charlotte's-bakery-slow-cooked-steak-&-mushroom-pies-2-pack-400g-5140550",
    "img": "https://productimages.coles.com.au/productimages/5/5140550.jpg",
    "price": 11.8,
    "quantity": 0.4,
    "unitPrice": 29.5
  },
  {
    "name": "Slow Cooked Beef & Ale Potato Top Pies 2 Pack",
    "url": "https://www.coles.com.au/product/charlotte's-bakery-slow-cooked-beef-&-ale-potato-top-pies-2-pack-400g-5141779",
    "img": "https://productimages.coles.com.au/productimages/5/5141779.jpg",
    "price": 11.8,
    "quantity": 0.4,
    "unitPrice": 29.5
  },
  {
    "name": "Chunky Chicken & Leek Pie 2 Pack",
    "url": "https://www.coles.com.au/product/charlotte's-bakery-chunky-chicken-&-leek-pie-2-pack-400g-5141950",
    "img": "https://productimages.coles.com.au/productimages/5/5141950.jpg",
    "price": 11.8,
    "quantity": 0.4,
    "unitPrice": 29.5
  },
  {
    "name": "Slow Cooked Beef Shiraz & Onion Pies 2 Pack",
    "url": "https://www.coles.com.au/product/charlotte's-bakery-slow-cooked-beef-shiraz-&-onion-pies-2-pack-400g-5142046",
    "img": "https://productimages.coles.com.au/productimages/5/5142046.jpg",
    "price": 11.8,
    "quantity": 0.4,
    "unitPrice": 29.5
  },
  {
    "name": "Belgian Chocolate Ice Cream Tub",
    "url": "https://www.coles.com.au/product/haagen-dazs-belgian-chocolate-ice-cream-tub-457ml-2752674",
    "img": "https://productimages.coles.com.au/productimages/2/2752674.jpg",
    "price": 13.5,
    "quantity": 0.457,
    "unitPrice": 29.5
  },
  {
    "name": "Vanilla Ice Cream Tubs",
    "url": "https://www.coles.com.au/product/haagen-dazs-vanilla-ice-cream-tubs-457ml-2752685",
    "img": "https://productimages.coles.com.au/productimages/2/2752685.jpg",
    "price": 13.5,
    "quantity": 0.457,
    "unitPrice": 29.5
  },
  {
    "name": "Salted Caramel Ice Cream Tubs",
    "url": "https://www.coles.com.au/product/haagen-dazs-salted-caramel-ice-cream-tubs-457ml-2752700",
    "img": "https://productimages.coles.com.au/productimages/2/2752700.jpg",
    "price": 13.5,
    "quantity": 0.457,
    "unitPrice": 29.5
  },
  {
    "name": "Strawberries And Cream Ice Cream",
    "url": "https://www.coles.com.au/product/haagen-dazs-strawberries-and-cream-ice-cream-457ml-2983837",
    "img": "https://productimages.coles.com.au/productimages/2/2983837.jpg",
    "price": 13.5,
    "quantity": 0.457,
    "unitPrice": 29.5
  },
  {
    "name": "Woolworths Free From Gluten Dairy Free Chocolate Cheesecake",
    "url": "https://www.woolworths.com.au/shop/productdetails/72276",
    "img": "https://cdn0.woolworths.media/content/wowproductimages/medium/072276.jpg",
    "price": 6.5,
    "quantity": 0.22,
    "unitPrice": 29.5
  },
  {
    "name": "Woolworths Shortcut Australian Bacon",
    "url": "https://www.woolworths.com.au/shop/productdetails/55373",
    "img": "https://cdn0.woolworths.media/content/wowproductimages/medium/055373.jpg",
    "price": 5.9,
    "quantity": 0.2,
    "unitPrice": 29.5
  },
  {
    "name": "Fodmapped For You Teriyaki Stir Fry Simmer Sauce",
    "url": "https://www.woolworths.com.au/shop/productdetails/219559",
    "img": "https://cdn0.woolworths.media/content/wowproductimages/medium/219559.jpg",
    "price": 5.9,
    "quantity": 0.2,
    "unitPrice": 29.5
  },
  {
    "name": "Dip Basil Pesto Pecorino & Cashew",
    "url": "https://www.coles.com.au/product/red-rock-deli-dip-basil-pesto-pecorino-&-cashew-135g-7083119",
    "img": "https://productimages.coles.com.au/productimages/7/7083119.jpg",
    "price": 4,
    "quantity": 0.135,
    "unitPrice": 29.6
  },
  {
    "name": "Dip Roasted Capsicum Pecorino Cashew & Basil",
    "url": "https://www.coles.com.au/product/red-rock-deli-dip-roasted-capsicum-pecorino-cashew-&-basil-135g-7083120",
    "img": "https://productimages.coles.com.au/productimages/7/7083120.jpg",
    "price": 4,
    "quantity": 0.135,
    "unitPrice": 29.6
  },
  {
    "name": "Dip Balsamic Beetroot Feta & Cashew",
    "url": "https://www.coles.com.au/product/red-rock-deli-dip-balsamic-beetroot-feta-&-cashew-135g-7083130",
    "img": "https://productimages.coles.com.au/productimages/7/7083130.jpg",
    "price": 4,
    "quantity": 0.135,
    "unitPrice": 29.6
  },
  {
    "name": "Dip Roasted Pumpkin Onion & Cashew",
    "url": "https://www.coles.com.au/product/red-rock-deli-dip-roasted-pumpkin-onion-&-cashew-135g-7083152",
    "img": "https://productimages.coles.com.au/productimages/7/7083152.jpg",
    "price": 4,
    "quantity": 0.135,
    "unitPrice": 29.6
  },
  {
    "name": "Dip Roasted Tomato Feta Basil & Cashew",
    "url": "https://www.coles.com.au/product/red-rock-deli-dip-roasted-tomato-feta-basil-&-cashew-135g-7083185",
    "img": "https://productimages.coles.com.au/productimages/7/7083185.jpg",
    "price": 4,
    "quantity": 0.135,
    "unitPrice": 29.6
  },
  {
    "name": "Stevia Raw Canister",
    "url": "https://www.coles.com.au/product/whole-earth-stevia-raw-canister-250g-6576405",
    "img": "https://productimages.coles.com.au/productimages/6/6576405.jpg",
    "price": 7.4,
    "quantity": 0.25,
    "unitPrice": 29.6
  },
  {
    "name": "Stevia Raw Canister",
    "url": "https://www.coles.com.au/product/whole-earth-stevia-raw-canister-250g-6576405",
    "img": "https://productimages.coles.com.au/productimages/6/6576405.jpg",
    "price": 7.4,
    "quantity": 0.25,
    "unitPrice": 29.6
  },
  {
    "name": "Lunch Kit With Crackers Tuna With Thousand Island Dressing",
    "url": "https://www.coles.com.au/product/john-west-lunch-kit-with-crackers-tuna-with-thousand-island-dressing-108g-7056921",
    "img": "https://productimages.coles.com.au/productimages/7/7056921.jpg",
    "price": 3.2,
    "quantity": 0.108,
    "unitPrice": 29.63
  },
  {
    "name": "John West Lunch Kit With Crackers Tuna With Sweetcorn In Mayonnaise",
    "url": "https://www.woolworths.com.au/shop/productdetails/24053",
    "img": "https://cdn0.woolworths.media/content/wowproductimages/medium/024053.jpg",
    "price": 3.2,
    "quantity": 0.108,
    "unitPrice": 29.63
  },
  {
    "name": "Frozen Deep Sea Dory Fish Fillets",
    "url": "https://www.coles.com.au/product/birds-eye-frozen-deep-sea-dory-fish-fillets-425g-5490235",
    "img": "https://productimages.coles.com.au/productimages/5/5490235.jpg",
    "price": 12.6,
    "quantity": 0.425,
    "unitPrice": 29.65
  },
  {
    "name": "Frozen Southern Blue Whiting Fish Fillets 6 Pack",
    "url": "https://www.coles.com.au/product/birds-eye-frozen-southern-blue-whiting-fish-fillets-6-pack-425g-7407877",
    "img": "https://productimages.coles.com.au/productimages/7/7407877.jpg",
    "price": 12.6,
    "quantity": 0.425,
    "unitPrice": 29.65
  },
  {
    "name": "All Arrabiata Penne",
    "url": "https://www.coles.com.au/product/cucina-classica-all-arrabiata-penne-300g-1230152",
    "img": "https://productimages.coles.com.au/productimages/1/1230152.jpg",
    "price": 8.9,
    "quantity": 0.3,
    "unitPrice": 29.7
  },
  {
    "name": "Penne Tagliatelle Al Ragu",
    "url": "https://www.coles.com.au/product/cibo-penne-tagliatelle-al-ragu-300g-1230221",
    "img": "https://productimages.coles.com.au/productimages/1/1230221.jpg",
    "price": 8.9,
    "quantity": 0.3,
    "unitPrice": 29.7
  },
  {
    "name": "Gluten Free Paleo Granola",
    "url": "https://www.coles.com.au/product/farmer-jo-gluten-free-paleo-granola-300g-3758042",
    "img": "https://productimages.coles.com.au/productimages/3/3758042.jpg",
    "price": 8.9,
    "quantity": 0.3,
    "unitPrice": 29.7
  },
  {
    "name": "Gluten Free Keto Granola",
    "url": "https://www.coles.com.au/product/farmer-jo-gluten-free-keto-granola-300g-4308551",
    "img": "https://productimages.coles.com.au/productimages/4/4308551.jpg",
    "price": 8.9,
    "quantity": 0.3,
    "unitPrice": 29.7
  },
  {
    "name": "Gluten Free Paleo Granola",
    "url": "https://www.coles.com.au/product/farmer-jo-gluten-free-paleo-granola-300g-3758042",
    "img": "https://productimages.coles.com.au/productimages/3/3758042.jpg",
    "price": 8.9,
    "quantity": 0.3,
    "unitPrice": 29.7
  },
  {
    "name": "Gluten Free Keto Granola",
    "url": "https://www.coles.com.au/product/farmer-jo-gluten-free-keto-granola-300g-4308551",
    "img": "https://productimages.coles.com.au/productimages/4/4308551.jpg",
    "price": 8.9,
    "quantity": 0.3,
    "unitPrice": 29.7
  },
  {
    "name": "Sweet & Spicy Rapokki",
    "url": "https://www.coles.com.au/product/yopokki-sweet-&-spicy-rapokki-145g-5020537",
    "img": "https://productimages.coles.com.au/productimages/5/5020537.jpg",
    "price": 4.3,
    "quantity": 0.145,
    "unitPrice": 29.7
  },
  {
    "name": "Mother Earth Baked Oaty Slices 36 Bars 1.44kg",
    "url": "https://www.woolworths.com.au/shop/productdetails/1074032868",
    "img": "https://cdn0.woolworths.media/content/wowproductimages/medium/1074032868.jpg",
    "price": 42.75,
    "quantity": 1.44,
    "unitPrice": 29.7
  },
  {
    "name": "Fueld Chipotle Fried Chicken",
    "url": "https://www.coles.com.au/product/youfoodz-fueld-chipotle-fried-chicken-400g-4688215",
    "img": "https://productimages.coles.com.au/productimages/4/4688215.jpg",
    "price": 11.95,
    "quantity": 0.4,
    "unitPrice": 29.9
  },
  {
    "name": "Hot Pot Casserole Base Curry",
    "url": "https://www.woolworths.com.au/shop/productdetails/36438",
    "img": "https://cdn0.woolworths.media/content/wowproductimages/medium/036438.jpg",
    "price": 2.99,
    "quantity": 0.1,
    "unitPrice": 29.9
  },
  {
    "name": "Emporium Selection Ash Brie",
    "url": "https://www.aldi.com.au/en/groceries/fresh-produce/dairy-eggs/dairy-eggs-detail/ps/p/emporium-selection-ash-brie-150g/",
    "img": "https://www.aldi.com.au/fileadmin/_processed_/2/3/csm_ALN2793_CHEESE_DAIRY_AWARDS_1x1_228x128_7_49255c4472.jpg",
    "price": 4.49,
    "quantity": 0.15,
    "unitPrice": 29.93
  },
  {
    "name": "Dark Chocolate Ginger",
    "url": "https://www.coles.com.au/product/coles-dark-chocolate-ginger-approx.-100g-3019945",
    "img": "https://productimages.coles.com.au/productimages/3/3019945.jpg",
    "price": 3,
    "quantity": 0.1,
    "unitPrice": 30
  },
  {
    "name": "Chocolate Pretzels",
    "url": "https://www.coles.com.au/product/coles-chocolate-pretzels-approx.-100g-3019989",
    "img": "https://productimages.coles.com.au/productimages/3/3019989.jpg",
    "price": 3,
    "quantity": 0.1,
    "unitPrice": 30
  },
  {
    "name": "Milk Choc Honeycomb Balls Bulk",
    "url": "https://www.coles.com.au/product/scoop-&-weigh-milk-choc-honeycomb-balls-bulk-approx.-100g-3305820",
    "img": "https://productimages.coles.com.au/productimages/3/3305820.jpg",
    "price": 3,
    "quantity": 0.1,
    "unitPrice": 30
  },
  {
    "name": "Dried Tropical Fruit Mix",
    "url": "https://www.coles.com.au/product/coles-dried-tropical-fruit-mix-approx.-100g-3324814",
    "img": "https://productimages.coles.com.au/productimages/3/3324814.jpg",
    "price": 3,
    "quantity": 0.1,
    "unitPrice": 30
  },
  {
    "name": "Chocolate Turkish Delight",
    "url": "https://www.coles.com.au/product/coles-chocolate-turkish-delight-approx.-100g-3324836",
    "img": "https://productimages.coles.com.au/productimages/3/3324836.jpg",
    "price": 3,
    "quantity": 0.1,
    "unitPrice": 30
  },
  {
    "name": "Pottle Chocolate Almonds",
    "url": "https://www.coles.com.au/product/coles-pottle-chocolate-almonds-approx.-100g-3574538",
    "img": "https://productimages.coles.com.au/productimages/3/3574538.jpg",
    "price": 3,
    "quantity": 0.1,
    "unitPrice": 30
  },
  {
    "name": "Pottle Roasted Salted Pistachios",
    "url": "https://www.coles.com.au/product/coles-pottle-roasted-salted-pistachios-approx.-100g-3592992",
    "img": "https://productimages.coles.com.au/productimages/3/3592992.jpg",
    "price": 3,
    "quantity": 0.1,
    "unitPrice": 30
  },
  {
    "name": "White Chocolate Candy Speckle Ball",
    "url": "https://www.coles.com.au/product/coles-white-chocolate-candy-speckle-ball-approx.-100g-3785410",
    "img": "https://productimages.coles.com.au/productimages/3/3785410.jpg",
    "price": 3,
    "quantity": 0.1,
    "unitPrice": 30
  },
  {
    "name": "Fruit Nut And Seed Toasted Muesli",
    "url": "https://www.coles.com.au/product/coles-fruit-nut-and-seed-toasted-muesli-approx.-100g-3956862",
    "img": "https://productimages.coles.com.au/productimages/3/3956862.jpg",
    "price": 3,
    "quantity": 0.1,
    "unitPrice": 30
  },
  {
    "name": "Maple Pecan Toasted Muesli",
    "url": "https://www.coles.com.au/product/coles-maple-pecan-toasted-muesli-approx.-100g-3956895",
    "img": "https://productimages.coles.com.au/productimages/3/3956895.jpg",
    "price": 3,
    "quantity": 0.1,
    "unitPrice": 30
  },
  {
    "name": "Almonds Slivered",
    "url": "https://www.coles.com.au/product/coles-almonds-slivered-approx.-100g-4201773",
    "img": "https://productimages.coles.com.au/productimages/4/4201773.jpg",
    "price": 3,
    "quantity": 0.1,
    "unitPrice": 30
  },
  {
    "name": "Dip Singles Caramelised French Onion 3X50G",
    "url": "https://www.coles.com.au/product/red-rock-deli-dip-singles-caramelised-french-onion-3x50g-150g-4954487",
    "img": "https://productimages.coles.com.au/productimages/4/4954487.jpg",
    "price": 4.5,
    "quantity": 0.15,
    "unitPrice": 30
  },
  {
    "name": "Fresh Mozzarella",
    "url": "https://www.coles.com.au/product/la-casa-del-formaggio-fresh-mozzarella-200g-2462186",
    "img": "https://productimages.coles.com.au/productimages/2/2462186.jpg",
    "price": 6,
    "quantity": 0.2,
    "unitPrice": 30
  },
  {
    "name": "Cheddar Shred",
    "url": "https://www.coles.com.au/product/nature's-kitchen-cheddar-shred-200g-4145082",
    "img": "https://productimages.coles.com.au/productimages/4/4145082.jpg",
    "price": 6,
    "quantity": 0.2,
    "unitPrice": 30
  },
  {
    "name": "Cheddar Slices",
    "url": "https://www.coles.com.au/product/nature's-kitchen-cheddar-slices-200g-4145118",
    "img": "https://productimages.coles.com.au/productimages/4/4145118.jpg",
    "price": 6,
    "quantity": 0.2,
    "unitPrice": 30
  },
  {
    "name": "Double Cream Brie",
    "url": "https://www.coles.com.au/product/cremeux-double-cream-brie-200g-4962408",
    "img": "https://productimages.coles.com.au/productimages/4/4962408.jpg",
    "price": 6,
    "quantity": 0.2,
    "unitPrice": 30
  },
  {
    "name": "Traditional Kabana",
    "url": "https://www.coles.com.au/product/don-traditional-kabana-200g-9052375",
    "img": "https://productimages.coles.com.au/productimages/9/9052375.jpg",
    "price": 6,
    "quantity": 0.2,
    "unitPrice": 30
  },
  {
    "name": "Lactose Free Grated Cheese",
    "url": "https://www.coles.com.au/product/bega-lactose-free-grated-cheese-250g-4383750",
    "img": "https://productimages.coles.com.au/productimages/4/4383750.jpg",
    "price": 7.5,
    "quantity": 0.25,
    "unitPrice": 30
  },
  {
    "name": "Lactose Free Natural Cheese Slices",
    "url": "https://www.coles.com.au/product/bega-lactose-free-natural-cheese-slices-250g-4385756",
    "img": "https://productimages.coles.com.au/productimages/4/4385756.jpg",
    "price": 7.5,
    "quantity": 0.25,
    "unitPrice": 30
  },
  {
    "name": "Fermented Vegetables Kimchi",
    "url": "https://www.coles.com.au/product/keep-it-cleaner-fermented-vegetables-kimchi-400g-3077282",
    "img": "https://productimages.coles.com.au/productimages/3/3077282.jpg",
    "price": 12,
    "quantity": 0.4,
    "unitPrice": 30
  },
  {
    "name": "Fermented Vegetable Vegan Kimchi",
    "url": "https://www.coles.com.au/product/keep-it-cleaner-fermented-vegetable-vegan-kimchi-400g-3765354",
    "img": "https://productimages.coles.com.au/productimages/3/3765354.jpg",
    "price": 12,
    "quantity": 0.4,
    "unitPrice": 30
  },
  {
    "name": "I'M Free From White Wraps",
    "url": "https://www.coles.com.au/product/coles-i'm-free-from-white-wraps-200g-1995386",
    "img": "https://productimages.coles.com.au/productimages/1/1995386.jpg",
    "price": 6,
    "quantity": 0.2,
    "unitPrice": 30
  },
  {
    "name": "Thawed Australian Cooked Black Tiger Prawns Extra Large",
    "url": "https://www.coles.com.au/product/coles-deli-thawed-australian-cooked-black-tiger-prawns-extra-large-approx.-250g-2686693",
    "img": "https://productimages.coles.com.au/productimages/2/2686693.jpg",
    "price": 7.5,
    "quantity": 0.25,
    "unitPrice": 30
  },
  {
    "name": "Thawed Australian Cooked Black Tiger Prawns Extra Large",
    "url": "https://www.coles.com.au/product/coles-deli-thawed-australian-cooked-black-tiger-prawns-extra-large-approx.-250g-2686693",
    "img": "https://productimages.coles.com.au/productimages/2/2686693.jpg",
    "price": 7.5,
    "quantity": 0.25,
    "unitPrice": 30
  },
  {
    "name": "Traditional Kabana",
    "url": "https://www.coles.com.au/product/don-traditional-kabana-200g-9052375",
    "img": "https://productimages.coles.com.au/productimages/9/9052375.jpg",
    "price": 6,
    "quantity": 0.2,
    "unitPrice": 30
  },
  {
    "name": "Roasted Turkey Breast From The Deli",
    "url": "https://www.coles.com.au/product/steggles-roasted-turkey-breast-from-the-deli-approx.-100g-1202102",
    "img": "https://productimages.coles.com.au/productimages/1/1202102.jpg",
    "price": 3,
    "quantity": 0.1,
    "unitPrice": 30
  },
  {
    "name": "Crystallised Ginger",
    "url": "https://www.coles.com.au/product/buderim-ginger-crystallised-ginger-200g-5227240",
    "img": "https://productimages.coles.com.au/productimages/5/5227240.jpg",
    "price": 6,
    "quantity": 0.2,
    "unitPrice": 30
  },
  {
    "name": "Nuts Raw & Natural Cashews",
    "url": "https://www.coles.com.au/product/sunbeam-nuts-raw-&-natural-cashews-450g-5619761",
    "img": "https://productimages.coles.com.au/productimages/5/5619761.jpg",
    "price": 13.5,
    "quantity": 0.45,
    "unitPrice": 30
  },
  {
    "name": "Crystallised Ginger",
    "url": "https://www.coles.com.au/product/buderim-ginger-crystallised-ginger-200g-5227240",
    "img": "https://productimages.coles.com.au/productimages/5/5227240.jpg",
    "price": 6,
    "quantity": 0.2,
    "unitPrice": 30
  },
  {
    "name": "Nuts Raw & Natural Cashews",
    "url": "https://www.coles.com.au/product/sunbeam-nuts-raw-&-natural-cashews-450g-5619761",
    "img": "https://productimages.coles.com.au/productimages/5/5619761.jpg",
    "price": 13.5,
    "quantity": 0.45,
    "unitPrice": 30
  },
  {
    "name": "Fruit Free Granola",
    "url": "https://www.coles.com.au/product/irrewarra-fruit-free-granola-500g-3281063",
    "img": "https://productimages.coles.com.au/productimages/3/3281063.jpg",
    "price": 15,
    "quantity": 0.5,
    "unitPrice": 30
  },
  {
    "name": "More Nuts And Honey Granola",
    "url": "https://www.coles.com.au/product/irrewarra-more-nuts-and-honey-granola-500g-3590104",
    "img": "https://productimages.coles.com.au/productimages/3/3590104.jpg",
    "price": 15,
    "quantity": 0.5,
    "unitPrice": 30
  },
  {
    "name": "Fruit Free Granola",
    "url": "https://www.coles.com.au/product/irrewarra-fruit-free-granola-500g-3281063",
    "img": "https://productimages.coles.com.au/productimages/3/3281063.jpg",
    "price": 15,
    "quantity": 0.5,
    "unitPrice": 30
  },
  {
    "name": "More Nuts And Honey Granola",
    "url": "https://www.coles.com.au/product/irrewarra-more-nuts-and-honey-granola-500g-3590104",
    "img": "https://productimages.coles.com.au/productimages/3/3590104.jpg",
    "price": 15,
    "quantity": 0.5,
    "unitPrice": 30
  },
  {
    "name": "Instant Noodles Cup Oriental Flavour",
    "url": "https://www.coles.com.au/product/maggi-instant-noodles-cup-oriental-flavour-60g-8109229",
    "img": "https://productimages.coles.com.au/productimages/8/8109229.jpg",
    "price": 1.8,
    "quantity": 0.06,
    "unitPrice": 30
  },
  {
    "name": "Instant Noodles Cup Chicken Flavour",
    "url": "https://www.coles.com.au/product/maggi-instant-noodles-cup-chicken-flavour-60g-8109284",
    "img": "https://productimages.coles.com.au/productimages/8/8109284.jpg",
    "price": 1.8,
    "quantity": 0.06,
    "unitPrice": 30
  },
  {
    "name": "Mac & Cheese Pasta Meals Vegan",
    "url": "https://www.coles.com.au/product/kraft-mac-&-cheese-pasta-meals-vegan-150g-4449145",
    "img": "https://productimages.coles.com.au/productimages/4/4449145.jpg",
    "price": 4.5,
    "quantity": 0.15,
    "unitPrice": 30
  },
  {
    "name": "French Onion Soup Serves 4",
    "url": "https://www.coles.com.au/product/continental-french-onion-soup-serves-4-40g-129426",
    "img": "https://productimages.coles.com.au/productimages/1/129426.jpg",
    "price": 1.2,
    "quantity": 0.04,
    "unitPrice": 30
  },
  {
    "name": "Chicken Noodle Salt Reduced Soup Serves 4",
    "url": "https://www.coles.com.au/product/continental-chicken-noodle-salt-reduced-soup-serves-4-40g-404440",
    "img": "https://productimages.coles.com.au/productimages/4/404440.jpg",
    "price": 1.2,
    "quantity": 0.04,
    "unitPrice": 30
  },
  {
    "name": "Salted Caramel Latte Instant Coffee",
    "url": "https://www.coles.com.au/product/jarrah-salted-caramel-latte-instant-coffee-250g-2244491",
    "img": "https://productimages.coles.com.au/productimages/2/2244491.jpg",
    "price": 7.5,
    "quantity": 0.25,
    "unitPrice": 30
  },
  {
    "name": "Brazilian Cafe Latte Coffee",
    "url": "https://www.coles.com.au/product/jarrah-brazilian-cafe-latte-coffee-250g-5436896",
    "img": "https://productimages.coles.com.au/productimages/5/5436896.jpg",
    "price": 7.5,
    "quantity": 0.25,
    "unitPrice": 30
  },
  {
    "name": "French Vanilla Latte Instant Coffee",
    "url": "https://www.coles.com.au/product/jarrah-french-vanilla-latte-instant-coffee-250g-5436900",
    "img": "https://productimages.coles.com.au/productimages/5/5436900.jpg",
    "price": 7.5,
    "quantity": 0.25,
    "unitPrice": 30
  },
  {
    "name": "Tales Of Italy Alluring Napoli Premium Coffee Beans",
    "url": "https://www.coles.com.au/product/lavazza-tales-of-italy-alluring-napoli-premium-coffee-beans-500g-6277834",
    "img": "https://productimages.coles.com.au/productimages/6/6277834.jpg",
    "price": 15,
    "quantity": 0.5,
    "unitPrice": 30
  },
  {
    "name": "Tales Of Italy Eternal Roma Premium Coffee Beans",
    "url": "https://www.coles.com.au/product/lavazza-tales-of-italy-eternal-roma-premium-coffee-beans-500g-6277878",
    "img": "https://productimages.coles.com.au/productimages/6/6277878.jpg",
    "price": 15,
    "quantity": 0.5,
    "unitPrice": 30
  },
  {
    "name": "Whole Black Peppercorns",
    "url": "https://www.coles.com.au/product/mckenzie's-whole-black-peppercorns-200g-6694194",
    "img": "https://productimages.coles.com.au/productimages/6/6694194.jpg",
    "price": 5.95,
    "quantity": 0.2,
    "unitPrice": 30
  },
  {
    "name": "Ground White Pepper",
    "url": "https://www.coles.com.au/product/coles-ground-white-pepper-100g-9044719",
    "img": "https://productimages.coles.com.au/productimages/9/9044719.jpg",
    "price": 3,
    "quantity": 0.1,
    "unitPrice": 30
  },
  {
    "name": "Sea Salt Crystals",
    "url": "https://www.coles.com.au/product/cornish-sea-salt-crystals-400g-5119306",
    "img": "https://productimages.coles.com.au/productimages/5/5119306.jpg",
    "price": 12,
    "quantity": 0.4,
    "unitPrice": 30
  },
  {
    "name": "Ground White Pepper",
    "url": "https://www.coles.com.au/product/coles-ground-white-pepper-100g-9044719",
    "img": "https://productimages.coles.com.au/productimages/9/9044719.jpg",
    "price": 3,
    "quantity": 0.1,
    "unitPrice": 30
  },
  {
    "name": "Sea Salt Crystals",
    "url": "https://www.coles.com.au/product/cornish-sea-salt-crystals-400g-5119306",
    "img": "https://productimages.coles.com.au/productimages/5/5119306.jpg",
    "price": 12,
    "quantity": 0.4,
    "unitPrice": 30
  },
  {
    "name": "Ajwain Seeds",
    "url": "https://www.coles.com.au/product/pattu-ajwain-seeds-100g-3339378",
    "img": "https://productimages.coles.com.au/productimages/3/3339378.jpg",
    "price": 2.95,
    "quantity": 0.1,
    "unitPrice": 30
  },
  {
    "name": "Biryani",
    "url": "https://www.coles.com.au/product/shan-biryani-50g-2154730",
    "img": "https://productimages.coles.com.au/productimages/2/2154730.jpg",
    "price": 1.5,
    "quantity": 0.05,
    "unitPrice": 30
  },
  {
    "name": "Tandoori Recipe And Masala Mix",
    "url": "https://www.coles.com.au/product/shan-tandoori-recipe-and-masala-mix-50g-3222563",
    "img": "https://productimages.coles.com.au/productimages/3/3222563.jpg",
    "price": 1.5,
    "quantity": 0.05,
    "unitPrice": 30
  },
  {
    "name": "Jin Ramen Cup Noodle Mild",
    "url": "https://www.coles.com.au/product/ottogi-jin-ramen-cup-noodle-mild-65g-3737202",
    "img": "https://productimages.coles.com.au/productimages/3/3737202.jpg",
    "price": 1.95,
    "quantity": 0.065,
    "unitPrice": 30
  },
  {
    "name": "Jin Ramen Cup Noodle Spicy",
    "url": "https://www.coles.com.au/product/ottogi-jin-ramen-cup-noodle-spicy-65g-3737257",
    "img": "https://productimages.coles.com.au/productimages/3/3737257.jpg",
    "price": 1.95,
    "quantity": 0.065,
    "unitPrice": 30
  },
  {
    "name": "Alpine Milk Chocolate",
    "url": "https://www.coles.com.au/product/milka-alpine-milk-chocolate-100g-2867927",
    "img": "https://productimages.coles.com.au/productimages/2/2867927.jpg",
    "price": 3,
    "quantity": 0.1,
    "unitPrice": 30
  },
  {
    "name": "Hazelnut Milk Chocolate",
    "url": "https://www.coles.com.au/product/milka-hazelnut-milk-chocolate-100g-3303563",
    "img": "https://productimages.coles.com.au/productimages/3/3303563.jpg",
    "price": 3,
    "quantity": 0.1,
    "unitPrice": 30
  },
  {
    "name": "Lemongrass",
    "url": "https://www.coles.com.au/product/valcom-lemongrass-100g-6823322",
    "img": "https://productimages.coles.com.au/productimages/6/6823322.jpg",
    "price": 3,
    "quantity": 0.1,
    "unitPrice": 30
  },
  {
    "name": "Want Want Rice Crackers Shelly Senbei",
    "url": "https://www.coles.com.au/product/hot-kids-want-want-rice-crackers-shelly-senbei-150g-1404377",
    "img": "https://productimages.coles.com.au/productimages/1/1404377.jpg",
    "price": 4.5,
    "quantity": 0.15,
    "unitPrice": 30
  },
  {
    "name": "Curlies Corn Snacks",
    "url": "https://www.coles.com.au/product/blue-bird-curlies-corn-snacks-150g-8451058",
    "img": "https://productimages.coles.com.au/productimages/8/8451058.jpg",
    "price": 4.5,
    "quantity": 0.15,
    "unitPrice": 30
  },
  {
    "name": "Avocado Oil",
    "url": "https://www.coles.com.au/product/good-by-grove-avocado-oil-500ml-4993037",
    "img": "https://productimages.coles.com.au/productimages/4/4993037.jpg",
    "price": 15,
    "quantity": 0.5,
    "unitPrice": 30
  },
  {
    "name": "Ultra Premium Coratina Bold",
    "url": "https://www.coles.com.au/product/cobram-estate-ultra-premium-coratina-bold-500ml-6749354",
    "img": "https://productimages.coles.com.au/productimages/6/6749354.jpg",
    "price": 15,
    "quantity": 0.5,
    "unitPrice": 30
  },
  {
    "name": "Ultra Premium Picual Medium Olive Oil",
    "url": "https://www.coles.com.au/product/cobram-ultra-premium-picual-medium-olive-oil-500ml-6749445",
    "img": "https://productimages.coles.com.au/productimages/6/6749445.jpg",
    "price": 15,
    "quantity": 0.5,
    "unitPrice": 30
  },
  {
    "name": "Estate Ultra Premium Hojiblanca Mild Olive Oil",
    "url": "https://www.coles.com.au/product/cobram-estate-ultra-premium-hojiblanca-mild-olive-oil-500ml-6749536",
    "img": "https://productimages.coles.com.au/productimages/6/6749536.jpg",
    "price": 15,
    "quantity": 0.5,
    "unitPrice": 30
  },
  {
    "name": "Nature's Kitchen Vegetable Dim Sims",
    "url": "https://www.coles.com.au/product/nature's-kitchen-nature's-kitchen-vegetable-dim-sims-200g-3506200",
    "img": "https://productimages.coles.com.au/productimages/3/3506200.jpg",
    "price": 6,
    "quantity": 0.2,
    "unitPrice": 30
  },
  {
    "name": "Frozen Fruit Chocolate Banana Bites",
    "url": "https://www.coles.com.au/product/serious-frozen-fruit-chocolate-banana-bites-250g-4928090",
    "img": "https://productimages.coles.com.au/productimages/4/4928090.jpg",
    "price": 7.5,
    "quantity": 0.25,
    "unitPrice": 30
  },
  {
    "name": "Frozen Fruit Chocolate Pineapple Bites",
    "url": "https://www.coles.com.au/product/serious-frozen-fruit-chocolate-pineapple-bites-250g-4928104",
    "img": "https://productimages.coles.com.au/productimages/4/4928104.jpg",
    "price": 7.5,
    "quantity": 0.25,
    "unitPrice": 30
  },
  {
    "name": "Frozen Prawn & Pork Shao Mai 12 Pieces",
    "url": "https://www.coles.com.au/product/hanabi-frozen-prawn-&-pork-shao-mai-12-pieces-300g-2770585",
    "img": "https://productimages.coles.com.au/productimages/2/2770585.jpg",
    "price": 9,
    "quantity": 0.3,
    "unitPrice": 30
  },
  {
    "name": "Smoky Charcoal Butter Chicken",
    "url": "https://www.coles.com.au/product/coco-earth-smoky-charcoal-butter-chicken-400g-7034871",
    "img": "https://productimages.coles.com.au/productimages/7/7034871.jpg",
    "price": 12,
    "quantity": 0.4,
    "unitPrice": 30
  },
  {
    "name": "Caramilk Mousse Cake",
    "url": "https://www.coles.com.au/product/cadbury-caramilk-mousse-cake-450g-4924941",
    "img": "https://productimages.coles.com.au/productimages/4/4924941.jpg",
    "price": 13.5,
    "quantity": 0.45,
    "unitPrice": 30
  },
  {
    "name": "Thawed Australian Cooked Black Tiger Prawns Extra Large",
    "url": "https://www.coles.com.au/product/coles-deli-thawed-australian-cooked-black-tiger-prawns-extra-large-approx.-250g-2686693",
    "img": "https://productimages.coles.com.au/productimages/2/2686693.jpg",
    "price": 7.5,
    "quantity": 0.25,
    "unitPrice": 30
  },
  {
    "name": "Thawed Australian Cooked Black Tiger Prawns Extra Large",
    "url": "https://www.coles.com.au/product/coles-deli-thawed-australian-cooked-black-tiger-prawns-extra-large-approx.-250g-2686693",
    "img": "https://productimages.coles.com.au/productimages/2/2686693.jpg",
    "price": 7.5,
    "quantity": 0.25,
    "unitPrice": 30
  },
  {
    "name": "Serious Fruit Chocolate Banana Bites",
    "url": "https://www.woolworths.com.au/shop/productdetails/272418",
    "img": "https://cdn0.woolworths.media/content/wowproductimages/medium/272418.jpg",
    "price": 7.5,
    "quantity": 0.25,
    "unitPrice": 30
  },
  {
    "name": "Latina Fresh Kids Mini Ravioli Pasta Beef & Vegetable",
    "url": "https://www.woolworths.com.au/shop/productdetails/304116",
    "img": "https://cdn0.woolworths.media/content/wowproductimages/medium/304116.jpg",
    "price": 6,
    "quantity": 0.2,
    "unitPrice": 30
  },
  {
    "name": "Latina Fresh Kids Mini Ravioli Pasta Cheese & Vegetable",
    "url": "https://www.woolworths.com.au/shop/productdetails/304103",
    "img": "https://cdn0.woolworths.media/content/wowproductimages/medium/304103.jpg",
    "price": 6,
    "quantity": 0.2,
    "unitPrice": 30
  },
  {
    "name": "Devondale 100% Pure Full Cream Long Life Milk",
    "url": "https://www.woolworths.com.au/shop/productdetails/90032",
    "img": "https://cdn0.woolworths.media/content/wowproductimages/medium/090032.jpg",
    "price": 6,
    "quantity": 0.2,
    "unitPrice": 30
  },
  {
    "name": "Devondale Skim Long Life Milk",
    "url": "https://www.woolworths.com.au/shop/productdetails/84244",
    "img": "https://cdn0.woolworths.media/content/wowproductimages/medium/084244.jpg",
    "price": 6,
    "quantity": 0.2,
    "unitPrice": 30
  },
  {
    "name": "Raw C Liquid Coconut Oil",
    "url": "https://www.woolworths.com.au/shop/productdetails/739136",
    "img": "https://cdn0.woolworths.media/content/wowproductimages/medium/739136.jpg",
    "price": 7.5,
    "quantity": 0.25,
    "unitPrice": 30
  },
  {
    "name": "Woolworths Thawed Extra Large Cooked Tiger Prawns",
    "url": "https://www.woolworths.com.au/shop/productdetails/46119",
    "img": "https://cdn0.woolworths.media/content/wowproductimages/medium/046119.jpg",
    "price": 30,
    "quantity": 1,
    "unitPrice": 30
  },
  {
    "name": "Jc Seafood Squid Chips",
    "url": "https://www.woolworths.com.au/shop/productdetails/270175",
    "img": "https://cdn0.woolworths.media/content/wowproductimages/medium/270175.jpg",
    "price": 6,
    "quantity": 0.2,
    "unitPrice": 30
  },
  {
    "name": "Ocean Chef Tuna Yellowfin Tuna Steaks",
    "url": "https://www.woolworths.com.au/shop/productdetails/782001",
    "img": "https://cdn0.woolworths.media/content/wowproductimages/medium/782001.jpg",
    "price": 30,
    "quantity": 1,
    "unitPrice": 30
  },
  {
    "name": "Ocean Chef Fish King Snapper Portions",
    "url": "https://www.woolworths.com.au/shop/productdetails/794638",
    "img": "https://cdn0.woolworths.media/content/wowproductimages/medium/794638.jpg",
    "price": 30,
    "quantity": 1,
    "unitPrice": 30
  },
  {
    "name": "Ocean Chef Emporor Fillets Skinless",
    "url": "https://www.woolworths.com.au/shop/productdetails/247592",
    "img": "https://cdn0.woolworths.media/content/wowproductimages/medium/247592.jpg",
    "price": 30,
    "quantity": 1,
    "unitPrice": 30
  },
  {
    "name": "Continental Classics Simmer Soup French Onion",
    "url": "https://www.woolworths.com.au/shop/productdetails/34393",
    "img": "https://cdn0.woolworths.media/content/wowproductimages/medium/034393.jpg",
    "price": 1.2,
    "quantity": 0.04,
    "unitPrice": 30
  },
  {
    "name": "Continental Simmer Soup Chicken Noodle Salt Reduced",
    "url": "https://www.woolworths.com.au/shop/productdetails/95458",
    "img": "https://cdn0.woolworths.media/content/wowproductimages/medium/095458.jpg",
    "price": 1.2,
    "quantity": 0.04,
    "unitPrice": 30
  },
  {
    "name": "Mr Brownie Chocolate Brownie",
    "url": "https://www.woolworths.com.au/shop/productdetails/55213",
    "img": "https://cdn0.woolworths.media/content/wowproductimages/medium/055213.jpg",
    "price": 6,
    "quantity": 0.2,
    "unitPrice": 30
  },
  {
    "name": "Devondale 100% Pure Full Cream Long Life Milk",
    "url": "https://www.woolworths.com.au/shop/productdetails/90032",
    "img": "https://cdn0.woolworths.media/content/wowproductimages/medium/090032.jpg",
    "price": 6,
    "quantity": 0.2,
    "unitPrice": 30
  },
  {
    "name": "Devondale Skim Long Life Milk",
    "url": "https://www.woolworths.com.au/shop/productdetails/84244",
    "img": "https://cdn0.woolworths.media/content/wowproductimages/medium/084244.jpg",
    "price": 6,
    "quantity": 0.2,
    "unitPrice": 30
  },
  {
    "name": "Kraft Vegan Mac & Cheese Macaroni Pasta Instant Noodles Cheese",
    "url": "https://www.woolworths.com.au/shop/productdetails/167302",
    "img": "https://cdn0.woolworths.media/content/wowproductimages/medium/167302.jpg",
    "price": 4.5,
    "quantity": 0.15,
    "unitPrice": 30
  },
  {
    "name": "Ingham's Oven Roasted Turkey Breast Sliced From The Deli",
    "url": "https://www.woolworths.com.au/shop/productdetails/59755",
    "img": "https://cdn0.woolworths.media/content/wowproductimages/medium/059755.jpg",
    "price": 30,
    "quantity": 1,
    "unitPrice": 30
  },
  {
    "name": "Ingham's Oven Roasted Turkey Breast Shaved From The Deli",
    "url": "https://www.woolworths.com.au/shop/productdetails/27316",
    "img": "https://cdn0.woolworths.media/content/wowproductimages/medium/027316.jpg",
    "price": 30,
    "quantity": 1,
    "unitPrice": 30
  },
  {
    "name": "Woolworths Beef Sizzle Schnitzel",
    "url": "https://www.woolworths.com.au/shop/productdetails/686853",
    "img": "https://cdn0.woolworths.media/content/wowproductimages/medium/686853.jpg",
    "price": 12,
    "quantity": 0.4,
    "unitPrice": 30
  },
  {
    "name": "Woolworths Lamb Strips Souvlaki Style",
    "url": "https://www.woolworths.com.au/shop/productdetails/251348",
    "img": "https://cdn0.woolworths.media/content/wowproductimages/medium/251348.jpg",
    "price": 9,
    "quantity": 0.3,
    "unitPrice": 30
  },
  {
    "name": "D'orsogna Streaky Bacon",
    "url": "https://www.woolworths.com.au/shop/productdetails/727933",
    "img": "https://cdn0.woolworths.media/content/wowproductimages/medium/727933.jpg",
    "price": 15,
    "quantity": 0.5,
    "unitPrice": 30
  },
  {
    "name": "Woolworths Beef Strips Teriyaki Style",
    "url": "https://www.woolworths.com.au/shop/productdetails/256351",
    "img": "https://cdn0.woolworths.media/content/wowproductimages/medium/256351.jpg",
    "price": 9,
    "quantity": 0.3,
    "unitPrice": 30
  },
  {
    "name": "Woolworths",
    "url": "https://www.woolworths.com.au/shop/productdetails/317296",
    "img": "https://cdn0.woolworths.media/content/wowproductimages/medium/317296.jpg",
    "price": 6,
    "quantity": 0.2,
    "unitPrice": 30
  },
  {
    "name": "Macro Organic Beef Mince Heart Smart",
    "url": "https://www.woolworths.com.au/shop/productdetails/321551",
    "img": "https://cdn0.woolworths.media/content/wowproductimages/medium/321551.jpg",
    "price": 15,
    "quantity": 0.5,
    "unitPrice": 30
  },
  {
    "name": "Woolworths Lamb Strips Mongolian Style",
    "url": "https://www.woolworths.com.au/shop/productdetails/251350",
    "img": "https://cdn0.woolworths.media/content/wowproductimages/medium/251350.jpg",
    "price": 9,
    "quantity": 0.3,
    "unitPrice": 30
  },
  {
    "name": "Macro Grass Fed Beef Flank Steak",
    "url": "https://www.woolworths.com.au/shop/productdetails/254551",
    "img": "https://cdn0.woolworths.media/content/wowproductimages/medium/254551.jpg",
    "price": 16.5,
    "quantity": 0.55,
    "unitPrice": 30
  },
  {
    "name": "Woolworths Premium Beef Asado Ribs Thin Slice",
    "url": "https://www.woolworths.com.au/shop/productdetails/317391",
    "img": "https://cdn0.woolworths.media/content/wowproductimages/medium/317391.jpg",
    "price": 12,
    "quantity": 0.4,
    "unitPrice": 30
  },
  {
    "name": "Macro Grass Fed Australian Lamb Mini Leg Roast",
    "url": "https://www.woolworths.com.au/shop/productdetails/288124",
    "img": "https://cdn0.woolworths.media/content/wowproductimages/medium/288124.jpg",
    "price": 21,
    "quantity": 0.7,
    "unitPrice": 30
  },
  {
    "name": "Woolworths Beef Petite Tender",
    "url": "https://www.woolworths.com.au/shop/productdetails/317422",
    "img": "https://cdn0.woolworths.media/content/wowproductimages/medium/317422.jpg",
    "price": 13.5,
    "quantity": 0.45,
    "unitPrice": 30
  },
  {
    "name": "Macro Rosemary & Mint Butterfly Lamb Shoulders",
    "url": "https://www.woolworths.com.au/shop/productdetails/133859",
    "img": "https://cdn0.woolworths.media/content/wowproductimages/medium/133859.jpg",
    "price": 45,
    "quantity": 1.5,
    "unitPrice": 30
  },
  {
    "name": "Hoyts Cinnamon Dutch Ground",
    "url": "https://www.woolworths.com.au/shop/productdetails/249587",
    "img": "https://cdn0.woolworths.media/content/wowproductimages/medium/249587.jpg",
    "price": 4.5,
    "quantity": 0.15,
    "unitPrice": 30
  },
  {
    "name": "Mckenzie's Pepper Black Corns Blended",
    "url": "https://www.woolworths.com.au/shop/productdetails/320995",
    "img": "https://cdn0.woolworths.media/content/wowproductimages/medium/320995.jpg",
    "price": 5.95,
    "quantity": 0.2,
    "unitPrice": 30
  },
  {
    "name": "Mckenzie's Pepper Black Whole",
    "url": "https://www.woolworths.com.au/shop/productdetails/320994",
    "img": "https://cdn0.woolworths.media/content/wowproductimages/medium/320994.jpg",
    "price": 5.95,
    "quantity": 0.2,
    "unitPrice": 30
  },
  {
    "name": "Hoyts Sesame Seeds",
    "url": "https://www.woolworths.com.au/shop/productdetails/94622",
    "img": "https://cdn0.woolworths.media/content/wowproductimages/medium/094622.jpg",
    "price": 3,
    "quantity": 0.1,
    "unitPrice": 30
  },
  {
    "name": "Macro Australian Manuka Honey Mgo 50",
    "url": "https://www.woolworths.com.au/shop/productdetails/183869",
    "img": "https://cdn0.woolworths.media/content/wowproductimages/medium/183869.jpg",
    "price": 10.5,
    "quantity": 0.35,
    "unitPrice": 30
  },
  {
    "name": "Niulife Organic Extra Thick Coconut Amino Teriyaki Sauce",
    "url": "https://www.woolworths.com.au/shop/productdetails/223760",
    "img": "https://cdn0.woolworths.media/content/wowproductimages/medium/223760.jpg",
    "price": 7.5,
    "quantity": 0.25,
    "unitPrice": 30
  },
  {
    "name": "Niulife Organic Bbq Coconut Amino Sauce Extra Thick",
    "url": "https://www.woolworths.com.au/shop/productdetails/224614",
    "img": "https://cdn0.woolworths.media/content/wowproductimages/medium/224614.jpg",
    "price": 7.5,
    "quantity": 0.25,
    "unitPrice": 30
  },
  {
    "name": "Niulife Organic Naked Coconut Amino Sauce Extra Thick",
    "url": "https://www.woolworths.com.au/shop/productdetails/223751",
    "img": "https://cdn0.woolworths.media/content/wowproductimages/medium/223751.jpg",
    "price": 7.5,
    "quantity": 0.25,
    "unitPrice": 30
  },
  {
    "name": "Byron Bay Chilli Co. Heavenly Habanero Hot Sauce",
    "url": "https://www.woolworths.com.au/shop/productdetails/94921",
    "img": "https://cdn0.woolworths.media/content/wowproductimages/medium/094921.jpg",
    "price": 4.5,
    "quantity": 0.15,
    "unitPrice": 30
  },
  {
    "name": "Macro Golden Goodness Turmeric & Ginger Almonds",
    "url": "https://www.woolworths.com.au/shop/productdetails/113180",
    "img": "https://cdn0.woolworths.media/content/wowproductimages/medium/113180.jpg",
    "price": 4.5,
    "quantity": 0.15,
    "unitPrice": 30
  },
  {
    "name": "Buderim Ginger Crystallised Ginger",
    "url": "https://www.woolworths.com.au/shop/productdetails/230075",
    "img": "https://cdn0.woolworths.media/content/wowproductimages/medium/230075.jpg",
    "price": 6,
    "quantity": 0.2,
    "unitPrice": 30
  },
  {
    "name": "Macro Cacao Craze Almonds",
    "url": "https://www.woolworths.com.au/shop/productdetails/113179",
    "img": "https://cdn0.woolworths.media/content/wowproductimages/medium/113179.jpg",
    "price": 4.5,
    "quantity": 0.15,
    "unitPrice": 30
  },
  {
    "name": "Angas Park Apricot Diced",
    "url": "https://www.woolworths.com.au/shop/productdetails/76083",
    "img": "https://cdn0.woolworths.media/content/wowproductimages/medium/076083.jpg",
    "price": 6,
    "quantity": 0.2,
    "unitPrice": 30
  }
]
